4700 6324
860 891 910 972 92
1290 875 1415 926 '-

1291 931 1414 952 ῌ

862 1063 951 1150 leg'es
969 1055 1142 1132 violantem
1161 1059 1268 1130 statim
1284 1059 1323 1126 ab
1345 1057 1524 1126 Ordinious
1553 1075 1651 1156 posse
1669 1061 1824 1150 destitui;

866 1189 921 1256 iiie
940 1189 1023 1256 enim
1051 1186 1236 1254 dicebatur:
1260 1200 1316 1246 een
1334 1179 1508 1268 openbaren
1524 1183 1651 1268 ayand,
1674 1206 1713 1252 en
1731 1191 1830 1252 mein·

867 1312 977 1398 ecdig,
1013 1308 1144 1378 onhaba'l
1169 1327 1217 1376 om
1252 1309 1379 1392 reerigere
1407 1322 1496 1374 staat
1523 1313 1560 1375 in
1583 1309 1780 1380 Nedcrland
1800 1326 1832 1378 te

866 1437 1045 1506 tertulla.
1239 1446 1244 1457 ’

907 1560 1114 1644 Jousuraaar
1130 1551 1384 1624 Ausrntacurr
1400 1557 1567 1646 privilegia
1587 1560 1752 1646 violasse,
1775 1577 1831 1647 et,

867 1679 897 1748 si
924 1681 987 1748 boc
1012 1678 1090 1746 satis
1114 1697 1181 1746 noo
1210 1691 1397 1759 constaret,
1426 1696 1516 1747 certe
1543 1698 1656 1750 contra
1673 1685 1829 1754 articulos

867 1806 955 1892 pacis
980 1805 1225 1888 Gandavensis,
1247 1825 1266 1873 a
1284 1804 1376 1888 Rege
1393 1802 1467 1886 ipso
1491 1806 1723 1889 confirmatae,
1747 1808 1832 1891 egis·

868 1951 930 2013 se,
957 1933 975 2014 (
985 1949 1066 2015 quae
1081 1949 1099 1996 a
1116 1930 1290 2015 Jouararan
1319 1944 1470 2012 tanquam
1505 1931 1559 1994 lea
1588 1928 1832 1998 fundamentalis

870 2057 1069 2125 observanda
1089 2053 1210 2138 erat),
1235 2073 1330 2122 nemo
1349 2069 1399 2121 est
1428 2055 1508 2138 quin
1532 2053 1626 2123 facile
1655 2059 1832 2127 concedat:

869 2179 977 2258 itaque
1011 2179 1151 2244 Ordines
1187 2180 1363 2246 Generales
1390 2201 1459 2250 non
1482 2187 1588 2250 solunt
1623 2197 1756 2266 egerant
1786 2199 1842 2251 ae.

870 2303 1013 2372 cundum
1054 2320 1113 2368 sua
1149 2301 1348 2384 privilegia,
1385 2321 1497 2370 verum
1537 2306 1713 2372 secundum
1748 2311 1839 2394 jussa

869 2427 1061 2507 aarum,
1086 2425 1143 2509 qui
1171 2445 1324 2510 semper,
1347 2439 1380 2491 et
1403 2427 1468 2512 jan
1495 2441 1639 2512 ternpore
1663 2431 1836 2502 Gubema·

870 2555 986 2638 tricis,
1016 2557 1179 2640 jusserat,
1210 2565 1249 2617 ut
1275 2547 1449 2616 auctoritas
1477 2549 1692 2633 majestasque
1719 2553 1838 2628 summi

872 2677 1060 2763 imperantis
1078 2691 1112 2742 et
1132 2674 1245 2759 religio
1264 2673 1435 2740 Catholica
1448 2671 1699 2746 vindicarentur.

915 2800 962 2872 Hi
980 2815 1068 2868 erant
1096 2799 1163 2865 duo
1188 2797 1355 2881 praecipui
1383 2795 1510 2866 articuli
1539 2798 1629 2882 pacis
1648 2799 1843 2874 Gandtuen·

871 2923 942 3005 ais,
966 2924 1202 3008 etJorrnrataas
1218 2939 1293 2987 cunr
1319 2923 1441 3004 egisset
1465 2940 1578 2990 contra
1597 2921 1680 2990 illud
1697 2922 1839 3007 foedus,

874 3046 1039 3124 Ordines,
1061 3040 1236 3108 secundun
1258 3038 1328 3122 ipsa
1353 3043 1451 3110 verba
1467 3045 1664 3128 Puratrrr,
1687 3067 1760 3118 aesc
1782 3054 1839 3119 de-

876 3167 1009 3238 fendere
1042 3161 1213 3232 debebant.
1276 3161 1365 3230 idern
1401 3164 1457 3234 ille
1490 3189 1708 3255 conventus,
1744 3176 1839 3263 cujus
1940 3169 1943 3178 ’

876 3309 948 3362 aeta
967 3291 1056 3358 irrita
1081 3288 1219 3356 declarat
1250 3288 1474 3375 eutonius,
1503 3296 1600 3378 pacis¹
1616 3295 1854 3366 Gandavensia·

737 3415 741 3426 '
876 3434 990 3488 auctor
1016 3417 1142 3500 fuerat3
1172 3414 1418 3484 confirmaverat
1441 3417 1512 3501 ipse
1536 3419 1625 3488 illius
1653 3421 1744 3504 pacis
1764 3421 1842 3490 arti·

878 3547 999 3608 culos:
1035 3555 1110 3602 cunt
1143 3540 1243 3624 igitur
1275 3558 1388 3606 omnes
1437 3540 1598 3610 Ordinunr
1632 3540 1841 3610 Generaliunr

876 3680 969 3732 actus
995 3659 1169 3741 rescindit,
1193 3678 1252 3726 aua
1269 3678 1412 3742 quoquc
1426 3663 1558 3743 propria
1578 3663 1679 3728 edicta
1703 3665 1842 3730 subver-

881 3786 946 3867 tit,
971 3785 1059 3867 quod
1082 3783 1255 3852 absurdum
1283 3781 1381 3850 foret.
1415 3779 1602 3865 Numquam
1629 3781 1843 3868 igiturordi.

881 3929 939 3978 nes
974 3907 1157 3986 Generales
1175 3910 1267 3988 illud
1289 3910 1428 3977 edictum
1462 3926 1481 3972 a
1512 3893 1697 3974 Putntrro'
1720 3907 1841 3975 iactum

879 4036 983 4104 fuisse
1010 4036 1151 4120 cogitare
1174 4047 1345 4121 poterant:
1371 4030 1478 4111 ioque
1502 4031 1616 4098 merito
1646 4032 1680 4100 in
1705 4035 1841 4118 provin·

881 4162 947 4229 tias
961 4179 1027 4226 non
1042 4159 1213 4242 abierunt,
1231 4159 1422 4241 omniaque,
1443 4171 1520 4240 post
1535 4156 1617 4227 illud
1628 4158 1766 4228 edictum
1776 4160 1843 4230 edi·

879 4301 949 4352 turn
969 4285 1008 4352 ab
1022 4283 1088 4352 inis
1103 4285 1253 4367 decreta,
1275 4283 1379 4352 valida
1397 4279 1542 4351 fuerunt.

1781 4405 1847 4476 ita·
