4654 6338
911 785 1020 846 -““““-
1402 817 1447 866 ur

482 968 687 1034 Francorum*
709 966 861 1034 duntaxat
893 969 1031 1040 ministri
1065 974 1218 1058 fuerunt,
1250 981 1340 1045 nullo
1369 982 1442 1066 jure

480 1094 713 1158 Pateariarum
736 1097 866 1162 nomine
898 1098 1072 1179 quidquam
1099 1099 1138 1164 ab
1172 1102 1287 1171 incolis
1318 1107 1448 1190 exigere
1504 1148 1513 1163 ·

482 1235 653 1302 poterant,
678 1242 749 1288 cum
776 1225 857 1291 solis
884 1226 1013 1310 regibus
1038 1227 1117 1293 illud
1134 1231 1234 1312 vulgo
1250 1229 1373 1295 licitum
1393 1250 1443 1296 es·

480 1358 541 1408 set.
589 1342 810 1411 Tentaverant
838 1347 879 1412 io
896 1369 1138 1431 nonnumquam
1166 1354 1336 1435 Comites3
1368 1372 1449 1418 cum

479 1490 558 1536 uero
578 1472 671 1535 nullo
687 1474 760 1553 jure
790 1471 935 1552 ipsorum
954 1491 1066 1553 preces
1091 1473 1289 1559 niterentur,
1315 1499 1444 1560 genera·

479 1594 504 1660 li
525 1593 629 1657 edicto
650 1589 769 1654 talibus
798 1593 1025 1660 exactionibus·
1043 1598 1292 1682 prudentissime
1316 1603 1444 1669 obviam

477 1718 539 1783 ivit
558 1735 728 1784 canotus
751 1715 804 1783 M.
843 1695 1040 1784 'Audivimus
1067 1718 1228 1809 (inquit)
1245 1729 1341 1788 etiam
1361 1726 1448 1811 quod

472 1841 617 1924 juniores
635 1837 861 1903 Comitum·a⁸el
882 1841 985 1924 aliqui
1008 1845 1153 1908 ministri
1177 1848 1366 1934 reipublicae
1380 1853 1445 1914 site

478 1961 624 2028 nonnulli
630 1957 786 2041 fortiores
802 1965 888 2026 tassi
912 1963 1065 2030 Comitum
1092 1970 1217 2050 aliquas
1237 1971 1449 2038 adhibitiouee
1537 1961 1542 1970 ’

478 2085 531 2150 tel
550 2084 764 2157 collectiones,
786 2083 915 2166 quidam
939 2101 1002 2171 per
1020 2102 1172 2172 pastum,
1195 2090 1325 2174 qnidam
1346 2098 1443 2158 etiam

477 2213 544 2276 sine
557 2223 670 2296 pasto,
692 2209 785 2290 quati
804 2204 996 2294 deprecandi
1008 2225 1038 2271 *a
1049 2214 1162 2298 populo
1175 2221 1304 2304 exigere
1322 2223 1441 2306 solent;

476 2355 559 2421 quoe
574 2334 679 2396 omnia
694 2330 778 2395 nobis
801 2328 843 2394 ab
861 2335 944 2395 omni
957 2334 1071 2418 populo
1085 2337 1175 2420 juste
1196 2347 1382 2414 removenda
1400 2370 1444 2415 es*

476 2479 508 2524 se
525 2457 696 2537 videntur,
718 2459 797 2542 quia
821 2459 857 2520 in
871 2453 1058 2540 quibusdam
1070 2464 1154 2531 dotis
1171 2471 1208 2532 in
1218 2485 1353 2538 tontum
1370 2472 1446 2537 inde

471 2586 606 2674 populus
631 2599 788 2670 oppressus
813 2597 879 2664 est,
904 2596 941 2647 ut
963 2588 1067 2653 multi·
1077 2589 1172 2672 ferre
1198 2617 1259 2694 nom
1283 2598 1444 2676 ualentes,
1541 2687 1545 2695 1

471 2708 666 2800 perfugam
694 2727 716 2769 a
736 2704 868 2767 dominis
893 2707 947 2767 tei
961 2717 1110 2788 patronis
1132 2716 1215 2798 lapsi
1232 2716 1389 2796 suerint,
1413 2733 1445 2784 et

479 2852 589 2904 terroe
614 2836 701 2914 ipsae
725 2832 760 2888 io
783 2822 979 2889 solitudinem
1007 2827 1157 2896 redactae
1181 2838 1267 2898 sint:
1290 2843 1446 2922 potentio·

419 2989 422 2999 ·
476 2957 566 3024 otius
588 2967 695 3018 aetem
705 2950 763 3014 tel
778 2944 968 3028 ditioribus,
988 2969 1029 3014 ea
1047 2967 1219 3038 spontanea
1242 2971 1368 3025 tantum
1392 2983 1445 3032 to·-

479 3085 626 3160 iontate,
648 3077 700 3142 tel
715 3090 828 3140 mutua
846 3073 1010 3143 dilectione
1027 3063 1198 3143 ooten'tttus
1216 3082 1333 3149 solatia
1344 3101 1445 3173 prae·

480 3223 590 3287 stare,
609 3206 738 3267 minime
752 3200 951 3288 prohibemus
969 3203 1081 3289 (523).
1127 3204 1296 3272 Falluntur
1320 3209 1442 3295 igitur,

483 3332 539 3413 qui
554 3343 668 3411 putant
688 3326 977 3391 adeonecessatias
994 3326 1097 3408 fuisse
1117 3328 1188 3391 illas
1208 3331 1388 3412 precarias,
1405 3349 1443 3401 ut

480 3455 605 3534 absque
623 3449 664 3514 iis
682 3445 865 3531 dignitatem
884 3422 967 3513 tueri
984 3468 1050 3514 non
1074 3466 1228 3531 possenta
1252 3457 1442 3528 manifestus

482 3571 593 3646 eorum
619 3594 707 3640 error
743 3571 924 3654 detegitur,
953 3570 982 3636 si
1009 3570 1149 3638 Comitis
1176 3575 1293 3646 solitos
1322 3585 1449 3656 aeditus-

413 3762 416 3778 ,
480 3705 579 3786 paulo
598 3695 757 3765 attentius
769 3698 1019 3781 perpendamus

528 3823 577 3890 10.
610 3821 780 3888 Habebam
812 3821 959 3888 Comites
985 3821 1072 3892 bona
1094 3843 1152 3890 sua
1181 3834 1339 3902 allodialia
1374 3838 1443 3917 (de

483 3947 602 4031 quibus
618 3969 714 4032 supra
723 3946 894 4010 habuimus
904 3948 948 4031 )2,
970 3965 1051 4026 quae
1072 3965 1233 4034 tamquam
1253 3958 1389 4042 privati,
1401 3963 1453 4034 si·-

482 4088 523 4138 νε
536 4087 694 4152 turegum
710 4070 923 4150 libetalitate.‚
944 4069 1012 4136 sive
1029 4073 1093 4142 alio
1104 4097 1300 4169 quocunque
1315 4089 1445 4156 nomine

1389 4217 1443 4282 ad·

513 4342 589 4408 (5²)
603 4341 791 4406 mutuate-t..
805 4345 846 4398 ad.
859 4345 917 4398 ⁸01.
939 4343 1004 4408 cap.
1016 4345 1063 4403 66.'

976 4434 1006 4502 C
1030 4456 1051 4520 a
