4700 6324
962 832 1087 906 Ξ
1461 851 1513 928 rr

541 1036 608 1090 tam
645 1017 899 1086 Gubernatorem
929 1019 1057 1090 Gelriae
1082 1022 1217 1110 elegisse
1244 1039 1375 1094 constat
1393 1023 1507 1108 (η’).

562 1203 566 1210 .
586 1151 769 1231 Antequam
798 1143 915 1214 foedus
942 1149 1087 1218 Gandavi
1109 1150 1227 1218 factum
1250 1169 1360 1237 esset,
1385 1173 1435 1219 res
1455 1173 1511 1220 ac·

543 1276 622 1344 cidit
646 1288 816 1360 propterea
843 1273 989 1358 inprimis
1008 1279 1247 1361 memorabilis,
1271 1281 1361 1362 quod
1386 1279 1512 1363 Hispa-

542 1424 605 1473 nos
636 1401 736 1485 magis
765 1401 799 1468 in
827 1398 879 1466 his
907 1399 1001 1466 terris
1032 1419 1148 1468 exosos
1184 1405 1344 1489 reddidit,
1378 1427 1509 1474 eorum·

541 1547 604 1610 que
626 1541 745 1592 metum
771 1525 856 1608 apud
882 1541 1043 1592 nostrates
1061 1525 1169 1609 auxit,
1193 1529 1272 1595 adeo
1298 1545 1334 1595 ut
1359 1529 1509 1595 dubitan-

538 1655 615 1722 dnn
643 1670 710 1718 non
742 1647 811 1730 sit,
845 1650 925 1732 quin
959 1651 1083 1734 aliquid
1108 1655 1285 1721 contulerit
1314 1671 1394 1734 quo.
1409 1648 1515 1716 citius·

541 1778 661 1848 foedus
691 1775 900 1843 Gandavense
929 1795 1137 1862 pungeretur.

582 1902 650 1971 Cui
678 1921 747 1970 non
776 1903 907 1988 cognita
938 1919 988 1969 est
1024 1905 1137 1989 ingens
1168 1904 1296 1986 clades,
1333 1921 1396 1986 qua
1423 1903 1504 1970 urbs

537 2026 747 2109 Antwerpiae
773 2028 831 2094 die
852 2050 874 2112 4
895 2027 1197 2114 NouembrIs1579
1223 2029 1264 2094 ab
1283 2024 1439 2109 Hispanis
1454 2022 1509 2092 of·

446 2148 458 2156 “
536 2153 622 2220 factat
649 2152 728 2218 esti
751 2169 832 2231 quae
857 2153 947 2216 tanta
972 2149 1057 2229 fuit,
1079 2163 1116 2212 ut
1140 2149 1228 2214 breui
1250 2163 1327 2234 post
1355 2148 1504 2215 Ordines

536 2275 723 2344 bramntiae
746 2271 911 2356 supplices
931 2272 1075 2340 Ordines
1094 2270 1272 2340 Genetales
1296 2273 1440 2357 adirent,
1461 2275 1504 2342 il·

534 2401 600 2471 lius
638 2401 730 2466 urbis
765 2397 979 2482 direptionem
1019 2394 1168 2466 flebiliter
1204 2412 1428 2478 exponentes,
1460 2416 1503 2466 ac

536 2541 702 2616 petentes,
726 2525 862 2595 Concilio
881 2517 1063 2606 proponent
1080 2533 1117 2584 ut
1142 2537 1178 2584 se
1200 2517 1236 2584 in
1253 2518 1377 2589 damnis
1400 2541 1506 2590 resar-

535 2654 661 2722 ciendis
681 2655 845 2739 juvarent.

580 2779 627 2846 Et
648 2775 724 2842 illae
749 2771 876 2854 quidem
897 2749 1010 2856 preces
1029 2767 1227 2854 effecerunt,
1249 2787 1286 2838 tta
1309 2771 1400 2840 brevi
1422 2788 1505 2855 post

537 2902 720 2980 edictuma
749 2897 886 2994 Concilio
913 2896 1188 2976 constitueretur,
1220 2897 1315 2980 cujus
1356 2898 1502 2977 promul-

532 3025 693 3114 gationem
729 3023 910 3092 Ordinibus
934 3020 1124 3090 Brabantiae
1153 3023 1371 3104 mandabant3
1407 3025 1502 3106 quod.

534 3149 673 3218 edictum
699 3148 907 3216 memorabile
929 3162 980 3212 est
1003 3165 1070 3212 eam
1092 3147 1142 3212 ob=
1160 3168 1313 3232 causam,
1337 3151 1427 3232 quod
1448 3149 1500 3235 ip·

535 3291 586 3341 scs
605 3271 749 3338 edicendi
773 3289 886 3338 calmas
906 3239 1226 3352 continebat'(78).
1272 3272 1364 3355 Quae
1392 3274 1501 3340 omnia

457 3399 462 3418 ⁸
535 3396 727 3462 confirmant
746 3416 782 3463 ea
800 3411 881 3478 qaue
896 3391 936 3458 ab
956 3391 1135 3460 Ordinibus
1151 3395 1245 3460 allata
1262 3409 1379 3480 mont,
1397 3417 1498 3480 quum

533 3543 619 3592 anno
641 3537 725 3608 1575
753 3522 794 3588 de
811 3537 890 3604 poce
908 3529 1072 3602 ageretur:
1097 3512 1136 3582 dt
1156 3517 1269 3584 Staten
1286 3521 1411 3590 duddan
1431 3546 1496 3594 ran

1419 3651 1502 3721 andr

567 3893 636 3954 (ῃ)
652 3889 713 3942 vla,
731 3887 889 3938 oasaaman·
902 3883 985 3938 Rasal.
1000 3885 1045 3931 der
1059 3887 1127 3944 dtur,
1143 3889 1268 3940 cenerati
1283 3901 1351 3949 1577.
1374 3892 1427 3943 soi·
1440 3905 1501 3948 aso.

534 3987 544 4014 ³
565 3982 643 4041 (78)
664 3982 734 4030 llaec
753 3980 856 4026 fuerant
877 3977 970 4027 verba:
996 3973 1067 4022 Aba·
1087 3975 1118 4022 da
1139 3979 1259 4025 cenante
1275 3979 1362 4026 reaten
1376 3992 1424 4028 raa
1443 3995 1503 4029 oasa·

535 4069 641 4122 laadan
663 4081 717 4115 m
734 4067 869 4112 damnarat
891 4077 970 4126 aver,
990 4063 1214 4125 femmardelptk
1237 4069 1372 4129 vergadm
1401 4071 1495 4120 biam

536 4159 655 4221 trassel,
669 4167 711 4206 asa
733 4155 911 4204 cormorlem
931 4153 960 4200 da
979 4153 1036 4201 dria
1057 4155 1144 4202 statas
1158 4169 1206 4202 van
1220 4158 1358 4224 Μὴν,
1378 4173 1420 4208 atas
1440 4161 1503 4210 deb·

536 4253 582 4303 ura
608 4249 655 4297 arad
670 4245 910 4308 particuliariyclaan
931 4243 991 4290 darn
1010 4254 1142 4293 nereum
1165 4259 1222 4296 coz.
1256 4248 1314 4300 Vld.
1329 4261 1405 4302 boll·
1440 4252 1499 4308 ub,

535 4343 569 4396 x.
594 4343 641 4392 rob
661 4350 703 4399 ras
720 4359 751 4376 -
770 4339 812 4402 ¹⁸9
829 4337 875 4390 tabl
894 4348 977 4390 natm
995 4335 1117 4402 epistolas
1136 4337 1168 4388 ab
1192 4337 1328 4392 ordinlbut
1346 4341 1503 4400 brabantiae

543 4431 673 4487 maella
694 4429 790 4482 nlsaa
1098 4489 1129 4562 K
1151 4511 1171 4578 3
