4700 6324
863 861 909 930 te
1304 811 1415 903 ε...-

801 1085 805 1092 -
870 1037 1046 1105 Generales
1061 1029 1278 1110 resciverunt,
1297 1047 1404 1111 regem
1421 1039 1541 1089 norum
1556 1022 1834 1105 elegisscaner·

868 1177 1013 1230 notorem
1032 1205 1044 1240 ,
1068 1157 1197 1223 fratrem
1218 1175 1313 1220 suum
1332 1154 1535 1238 Jorraunau
1557 1152 1834 1230 Auerruncus,

871 1284 950 1368 qui,
966 1303 1039 1349 cum
1059 1283 1093 1347 d.
1118 1280 1240 1360 4Nov.
1257 1281 1342 1360 1576
1358 1275 1598 1358 Luceburgium
1609 1273 1835 1358 peruenisset,

869 1407 979 1474 statim
995 1407 1180 1474 deadvcntu
1197 1421 1257 1466 suo
1268 1400 1343 1467 illos
1355 1397 1509 1468 certiores
1527 1397 1619 1466 fecit.
1633 1421 1636 1430 ’
1652 1403 1743 1488 Quae
1763 1421 1846 1468 curn.

871 1530 1071 1608 audivisset,
1098 1524 1253 1604 Princeps
1269 1523 1508 1594 Annustncus
1535 1524 1594 1608 qui
1615 1539 1692 1591 tunc
1708 1523 1839 1596 Medio·

869 1655 991 1737 burgae
1021 1667 1110 1733 erat,
1135 1651 1240 1718 statim
1261 1650 1378 1717 litteris
1396 1670 1452 1716 eos
1478 1651 1665 1714 adhortatus
1690 1664 1739 1714 est
1763 1665 1838 1715 uta

873 1797 962 1846 novo
993 1777 1218 1844 Gubernatore
1254 1775 1439 1843 facultatem
1469 1790 1644 1860 peterent,
1682 1775 1737 1840 bis
1782 1793 1838 1843 atta

773 1921 777 1930 ’
873 1921 924 1970 ter
950 1901 1068 1983 quovis
1099 1921 1183 1974 anno
1206 1900 1432 1969 conveniendi.
1477 1902 1553 1966 Illae
1574 1899 1730 1981 epistolae
1757 1898 1839 1987 (86)

873 2028 956 2094 lmnc
983 2027 1025 2095 ob
1054 2045 1180 2093 causam
1208 2028 1435 2095 memorabiles
1462 2046 1534 2093 esse
1561 2025 1733 2106 videntur,
1766 2024 1842 2107 quia

876 2153 993 2216 multas
1019 2149 1189 2214 continent
1216 2151 1471 2230 declarationes,
1503 2127 1584 2230 quae
1613 2151 1712 2233 magis
1739 2150 1842 2232 expli·

877 2288 952 2342 cant
977 2274 1097 2351 multa,
1122 2289 1202 2352 quac
1219 2273 1260 2337 ad
1287 2270 1445 2338 Ordinum
1470 2271 1675 2341 Generalium
1698 2288 1842 2344 convert·-

879 2411 947 2464 tum
968 2394 1184 2480 pertinebant.
1229 2397 1282 2464 llli
1300 2395 1456 2480 epistolae
1476 2375 1571 2462 finem
1592 2395 1731 2480 imponit
1748 2398 1844 2474 Prin.

878 2547 979 2612 ceps,
1002 2526 1053 2591 his
1081 2523 1189 2590 verbis
1234 2567 1257 2604 „
1277 2521 1355 2588 relic
1372 2541 1426 2601 se,
1450 2535 1487 2584 ut
1504 2523 1636 2605 antiquo
1660 2542 1748 2587 more
1762 2526 1844 2588 ciui·

882 2695 904 2735 „
926 2666 977 2716 tas
995 2647 1284 2714 administraretur
1299 2643 1340 2710 ab
1358 2639 1532 2709 Ordinibus
1543 2640 1845 2714 Generalibuscom·

883 2820 907 2854 „
921 2776 1033 2863 positis
1055 2791 1101 2837 rx
1122 2769 1233 2836 ordine
1253 2769 1471 2848 Clamarunt,
1502 2763 1692 2851 Nobilium,
1726 2784 1757 2838 er
1782 2769 1848 2835 Ur.

883 2945 906 2984 „
923 2900 1013 2965 bium
1025 2921 1039 2980 ;
1069 2897 1161 2962 solra
1187 2909 1296 2960 tamen
1327 2891 1503 2958 obedientia
1526 2893 1667 2976 legitimo
1697 2893 1847 2983 Princrpi

885 3071 907 3106 „
927 3021 1081 3090 debita.”

925 3144 991 3212 His
1021 3141 1137 3209 litteris
1160 3138 1266 3206 effecit
1291 3137 1346 3204 ille
1370 3133 1552 3222 Princeps,
1581 3153 1620 3204 ut
1644 3139 1844 3224 improbare·

782 3284 786 3293 '
883 3297 937 3346 tur
965 3290 1076 3341 eorum
1103 3264 1288 3348 sententia,
1313 3263 1368 3347 qui
1397 3265 1504 3332 statim
1523 3269 1731 3354 Jorrnrruau
1751 3265 1848 3332 Aus-

884 3417 1054 3474 attacum
1065 3393 1322 3461 Gubernatorem
1331 3394 1556 3478 accipiendum
1572 3413 1643 3461 esse
1658 3405 1844 3460 censerunt.

884 3526 1074 3590 statuerunt
1083 3515 1188 3594 enim,
1199 3533 1368 3598 antequam
1388 3534 1618 3604 agnosceret-ur
1632 3519 1848 3604 Jerrarrrtrrs,

883 3669 922 3722 ut
946 3642 1162 3732 promissione
1192 3657 1228 3702 se
1255 3638 1472 3723 obstringeret
1500 3645 1539 3706 ad
1563 3641 1766 3712 dimittendas
1791 3662 1852 3707 co·

884 3776 956 3862 pias
983 3765 1202 3852 Hispanicas,
1220 3777 1253 3829 et
1269 3761 1505 3828 ratihabendtm
1529 3781 1639 3845 pacem
1658 3761 1852 3830 Gandaven·

887 3918 969 3970 sem.
1022 3889 1069 3960 Et
1094 3892 1135 3958 de
1168 3889 1227 3956 hac
1257 3885 1386 3970 quidem
1412 3903 1447 3951 re
1482 3899 1587 3952 totum
1611 3886 1680 3951 fere
1709 3904 1850 3954 mensem

889 4023 1101 4104 Decembrem
1125 4035 1198 4084 cum
1223 4029 1389 4107 Jonennr
1410 4023 1544 4094 egerunt
1572 4011 1712 4078 Ordines
1742 4011 1865 4080 (sene--

1803 4159 1853 4206 ra-

929 4370 1004 4446 (ti)
1029 4373 1101 4440 Qut
1122 4365 1286 4426 revertuntur
1307 4365 1377 4436 asad
1398 4361 1474 4422 ιὀι.
1502 4363 1564 4424 Lib.
1580 4365 1615 4423 X.
1638 4363 1684 4418 fol.
1700 4375 1756 4432 ¹95·
