4654 6338
875 857 917 914 rr
1296 843 1430 921 ἐξ·

880 1062 993 1154 beside
1014 1063 1081 1136 inc
1102 1063 1244 1168 historie
1263 1065 1306 1138 sd
1328 1063 1414 1138 illud
1434 1085 1568 1162 tempus
1588 1079 1843 1167 pervenissem,

881 1241 943 1312 ubi
962 1238 1094 1314 Gosstt
1120 1239 1263 1312 diarium
1277 1240 1392 1314 deficit
1417 1241 1531 1336 (nono
1560 1245 1682 1344 1560)
1703 1252 1841 1330 decreta

879 1413 1050 1486 Ordinum
1075 1411 1277 1486 Hollandiae
1300 1415 1462 1504 adhibui3
1496 1441 1584 1513 quae
1615 1426 1753 1514 quidem
1779 1429 1841 1502 ubi

882 1587 1088 1660 contuleram
1122 1611 1201 1660 cum
1245 1590 1446 1680 quibusdam
1474 1613 1494 1661 a
1532 1590 1678 1671 Bonmo
1713 1622 1867 1678 enm„

883 1765 949 1849 ris,
989 1759 1080 1830 hunc
1114 1765 1223 1834 virum
1259 1762 1433 1834 historiam
1474 1762 1634 1860 religiose
1667 1737 1843 1871 scripsisse

883 1935 1050 2028 comperi.
1100 1932 1213 2029 Hujus
1251 1938 1354 2031 igitur
1391 1941 1519 2030 scripta
1548 1943 1701 2038 inprimis
1740 1975 1841 2028 secu·

884 2129 937 2182 tus
972 2125 1068 2190 sum,
1102 2105 1145 2174 sd
1169 2126 1291 2178 annum
1324 2129 1432 2199 usque
1463 2113 1578 2200 1576,
1611 2143 1728 2214 aquo
1763 2131 1841 2201 ind,

884 2297 1039 2373 tempore
1064 2274 1230 2348 Ordinum
1258 2281 1477 2356 Generalium
1503 2285 1638 2372 decrem
1658 2293 1701 2368 ed
1721 2315 1840 2388 poste·

883 2455 991 2528 sitatis
1016 2452 1212 2558 memoriam
1238 2475 1365 2528 servata
1391 2478 1499 2536 sunt.¹

932 2628 980 2702 Et
1008 2627 1092 2699 haec
1114 2626 1254 2722 quidem
1281 2631 1384 2704 habui
1414 2634 1454 2708 B.
1480 2634 1524 2710 L.
1557 2661 1645 2734 quae
1671 2643 1713 2716 de
1740 2648 1851 2748 hujus·

883 2803 1129 2897 qualiscunque
1152 2806 1346 2895 scriptionis
1372 2812 1519 2884 consilio
1541 2833 1576 2888 et
1606 2821 1738 2893 ratione
1766 2846 1851 2898 mos

883 2997 1022 3059 ncrem;
1055 2969 1113 3040 sed
1141 2973 1221 3064 quid
1252 2996 1315 3066 per
1338 2977 1427 3049 ,hanc
1447 2982 1618 3073 praefandi
1642 2999 1844 3079 opportuni,

886 3165 989 3236 torem
1020 3146 1190 3238 antiquius
1214 3146 1355 3237 ducam,
1389 3175 1489 3246 qna-m
1518 3163 1604 3252 grati
1634 3165 1736 3234 animi
1764 3189 1843 3264 erga

884 3323 1064 3417 magistros
1111 3343 1207 3395 meos
1242 3325 1533 3421 significationem.
1599 3331 1651 3406 Te
1687 3339 1840 3433 inprimis

886 3495 1134 3586 Praeceptore‚
1160 3498 1381 3570 eruditissime
1396 3504 1522 3616 Gnissi
1537 3509 1544 3574 !
1566 3529 1725 3599 expertus
1746 3537 1843 3604 snm,

884 3687 1050 3762 quantum
1081 3665 1217 3738 valeant
1251 3671 1340 3744 bona
1383 3694 1565 3766 praecepta
1596 3682 1638 3751 ad
1678 3682 1843 3760 lectiones

888 3845 1108 3926 Academicos
1124 3825 1204 3914 'rite
1231 3849 1486 3939 percipiendam
1513 3867 1568 3922 tua
1599 3875 1711 3927 autem
1747 3863 1842 3934 insti·

880 4023 972 4090 tutio
998 4019 1135 4118 longius
1162 4023 1261 4090 etiam
1287 4025 1483 4116 spectabat,
1520 4046 1598 4098 cum
1622 4021 1753 4126 saepius
1778 4040 1840 4106 mi·

882 4193 920 4263 hi
954 4195 989 4262 in
1024 4193 1092 4262 hoc
1122 4191 1330 4264 Academico
1370 4199 1458 4270 sitne
1495 4201 1665 4276 curriculo
1698 4217 1841 4284 versanti

1771 4402 1841 4456 110ss
