<?xml version="1.0" encoding="UTF-8"?>
<!DOCTYPE html PUBLIC "-//W3C//DTD XHTML 1.0 Transitional//EN"
    "http://www.w3.org/TR/xhtml1/DTD/xhtml1-transitional.dtd">
<html xmlns="http://www.w3.org/1999/xhtml" xml:lang="en" lang="en">
 <head>
  <title>
</title>
<meta http-equiv="Content-Type" content="text/html;charset=utf-8" />
  <meta name='ocr-system' content='tesseract 3.04.00' />
  <meta name='ocr-capabilities' content='ocr_page ocr_carea ocr_par ocr_line ocrx_word'/>
</head>
<body>
  <div class='ocr_page' id='page_1' title='image "./disputatiohisto00dedegoog_0099.png"; bbox 0 0 4700 6324; ppageno 0'>
   <div class='ocr_carea' id='block_1_1' title="bbox 481 838 1505 3639">
    <p class='ocr_par' dir='ltr' id='par_1_1' title="bbox 529 838 1505 1513">
     <span class='ocr_line' id='line_1_1' title="bbox 767 838 1505 963; baseline 0.001 0"><span class='ocrx_word' id='word_1_1' title='bbox 767 957 769 963; x_wconf 83' lang='lat'><em>.</em></span> <span class='ocrx_word' id='word_1_2' title='bbox 952 838 1083 916; x_wconf 61' lang='lat'>&#39;²⁸¹³‘-</span> <span class='ocrx_word' id='word_1_3' title='bbox 1460 869 1505 950; x_wconf 79' lang='lat'>⁸³</span> 
     </span>
     <span class='ocr_line' id='line_1_2' title="bbox 529 1023 1495 1135; baseline 0.001 -20"><span class='ocrx_word' id='word_1_4' title='bbox 529 1047 690 1135; x_wconf 67' lang='lat' dir='ltr'>generunt</span> <span class='ocrx_word' id='word_1_5' title='bbox 716 1041 856 1112; x_wconf 80' lang='lat' dir='ltr'>Ordines</span> <span class='ocrx_word' id='word_1_6' title='bbox 886 1040 1079 1112; x_wconf 83' lang='lat' dir='ltr'>Honandire</span> <span class='ocrx_word' id='word_1_7' title='bbox 1106 1053 1139 1110; x_wconf 89' lang='lat' dir='ltr'>et</span> <span class='ocrx_word' id='word_1_8' title='bbox 1169 1023 1356 1116; x_wconf 81' lang='lat' dir='ltr'>zelandiae.</span> <span class='ocrx_word' id='word_1_9' title='bbox 1411 1043 1495 1116; x_wconf 84' lang='lat' dir='ltr'>Pro·</span> 
     </span>
     <span class='ocr_line' id='line_1_3' title="bbox 534 1169 1497 1257; baseline 0 -15"><span class='ocrx_word' id='word_1_10' title='bbox 534 1173 625 1242; x_wconf 80' lang='lat' dir='ltr'>misit</span> <span class='ocrx_word' id='word_1_11' title='bbox 643 1173 853 1240; x_wconf 77' lang='lat' dir='ltr'>Gubernator</span> <span class='ocrx_word' id='word_1_12' title='bbox 872 1189 908 1236; x_wconf 90' lang='lat' dir='ltr'>se</span> <span class='ocrx_word' id='word_1_13' title='bbox 930 1169 1135 1238; x_wconf 87' lang='lat' dir='ltr'>dimissurum</span> <span class='ocrx_word' id='word_1_14' title='bbox 1151 1172 1262 1256; x_wconf 90' lang='lat' dir='ltr'>copias</span> <span class='ocrx_word' id='word_1_15' title='bbox 1281 1171 1497 1257; x_wconf 88' lang='lat' dir='ltr'>Hispanicas,</span> 
     </span>
     <span class='ocr_line' id='line_1_4' title="bbox 534 1295 1498 1391; baseline -0.001 -23"><span class='ocrx_word' id='word_1_16' title='bbox 534 1308 569 1368; x_wconf 84' lang='lat' dir='ltr'>et</span> <span class='ocrx_word' id='word_1_17' title='bbox 596 1313 849 1391; x_wconf 88' lang='lat' dir='ltr'>convocaturum</span> <span class='ocrx_word' id='word_1_18' title='bbox 885 1295 1024 1364; x_wconf 90' lang='lat' dir='ltr'>Ordines</span> <span class='ocrx_word' id='word_1_19' title='bbox 1055 1296 1245 1367; x_wconf 81' lang='lat' dir='ltr'>Generales.</span> <span class='ocrx_word' id='word_1_20' title='bbox 1301 1299 1416 1384; x_wconf 84' lang='lat' dir='ltr'>Itaque</span> <span class='ocrx_word' id='word_1_21' title='bbox 1446 1299 1498 1367; x_wconf 89' lang='lat' dir='ltr'>die</span> 
     </span>
     <span class='ocr_line' id='line_1_5' title="bbox 540 1401 1031 1513; baseline -0.012 -18"><span class='ocrx_word' id='word_1_22' title='bbox 540 1443 556 1495; x_wconf 86' lang='lat'>1</span> <span class='ocrx_word' id='word_1_23' title='bbox 578 1401 660 1513; x_wconf 76' lang='lat' dir='ltr'>Maii</span> <span class='ocrx_word' id='word_1_24' title='bbox 683 1427 850 1494; x_wconf 79' lang='lat' dir='ltr'>bruxellas</span> <span class='ocrx_word' id='word_1_25' title='bbox 869 1423 1031 1508; x_wconf 90' lang='lat' dir='ltr'>pervenit.</span> 
     </span>
    </p>

    <p class='ocr_par' dir='ltr' id='par_1_2' title="bbox 528 1545 1504 2636">
     <span class='ocr_line' id='line_1_6' title="bbox 577 1545 1500 1631; baseline 0 -14"><span class='ocrx_word' id='word_1_26' title='bbox 577 1551 752 1618; x_wconf 86' lang='lat' dir='ltr'>Videamus</span> <span class='ocrx_word' id='word_1_27' title='bbox 770 1569 858 1618; x_wconf 90' lang='lat' dir='ltr'>nunc</span> <span class='ocrx_word' id='word_1_28' title='bbox 878 1549 1008 1631; x_wconf 79' lang='lat' dir='ltr'><strong>quinam</strong></span> <span class='ocrx_word' id='word_1_29' title='bbox 1026 1545 1206 1616; x_wconf 80' lang='lat' dir='ltr'>Ordinibus</span> <span class='ocrx_word' id='word_1_30' title='bbox 1235 1567 1308 1617; x_wconf 90' lang='lat' dir='ltr'>cum</span> <span class='ocrx_word' id='word_1_31' title='bbox 1323 1550 1381 1617; x_wconf 86' lang='lat' dir='ltr'>ilio</span> <span class='ocrx_word' id='word_1_32' title='bbox 1400 1551 1500 1618; x_wconf 81' lang='lat' dir='ltr'>fuerit</span> 
     </span>
     <span class='ocr_line' id='line_1_7' title="bbox 532 1672 1500 1752; baseline 0.001 -8"><span class='ocrx_word' id='word_1_33' title='bbox 532 1693 614 1744; x_wconf 86' lang='lat' dir='ltr'>usus</span> <span class='ocrx_word' id='word_1_34' title='bbox 664 1674 996 1742; x_wconf 79' lang='lat' dir='ltr'>Animadvertendum</span> <span class='ocrx_word' id='word_1_35' title='bbox 1015 1686 1090 1752; x_wconf 87' lang='lat' dir='ltr'>est,</span> <span class='ocrx_word' id='word_1_36' title='bbox 1111 1672 1273 1741; x_wconf 89' lang='lat' dir='ltr'>Ordinum</span> <span class='ocrx_word' id='word_1_37' title='bbox 1292 1675 1500 1745; x_wconf 83' lang='lat' dir='ltr'>Generalium</span> 
     </span>
     <span class='ocr_line' id='line_1_8' title="bbox 532 1793 1504 1884; baseline -0.002 -12"><span class='ocrx_word' id='word_1_38' title='bbox 532 1815 715 1872; x_wconf 82' lang='lat' dir='ltr'>contentus</span> <span class='ocrx_word' id='word_1_39' title='bbox 743 1799 918 1884; x_wconf 78' lang='lat' dir='ltr'>participes</span> <span class='ocrx_word' id='word_1_40' title='bbox 944 1817 1012 1868; x_wconf 91' lang='lat' dir='ltr'>non</span> <span class='ocrx_word' id='word_1_41' title='bbox 1038 1793 1142 1864; x_wconf 81' lang='lat' dir='ltr'>fuisse</span> <span class='ocrx_word' id='word_1_42' title='bbox 1170 1799 1343 1868; x_wconf 86' lang='lat' dir='ltr'>zelandiae</span> <span class='ocrx_word' id='word_1_43' title='bbox 1365 1819 1399 1869; x_wconf 91' lang='lat' dir='ltr'>et</span> <span class='ocrx_word' id='word_1_44' title='bbox 1417 1801 1504 1872; x_wconf 81' lang='lat' dir='ltr'>Hol-</span> 
     </span>
     <span class='ocr_line' id='line_1_9' title="bbox 531 1923 1501 2012; baseline 0.003 -17"><span class='ocrx_word' id='word_1_45' title='bbox 531 1927 655 1996; x_wconf 87' lang='lat' dir='ltr'>iandiae</span> <span class='ocrx_word' id='word_1_46' title='bbox 695 1923 869 2006; x_wconf 80' lang='lat' dir='ltr'>Ordines,</span> <span class='ocrx_word' id='word_1_47' title='bbox 903 1925 961 2007; x_wconf 87' lang='lat' dir='ltr'>qui</span> <span class='ocrx_word' id='word_1_48' title='bbox 1002 1923 1113 2012; x_wconf 85' lang='lat' dir='ltr'>pptius</span> <span class='ocrx_word' id='word_1_49' title='bbox 1144 1925 1300 2008; x_wconf 86' lang='lat' dir='ltr'>privatam</span> <span class='ocrx_word' id='word_1_50' title='bbox 1338 1927 1501 1998; x_wconf 89' lang='lat' dir='ltr'>civitatem</span> 
     </span>
     <span class='ocr_line' id='line_1_10' title="bbox 533 2052 1499 2134; baseline 0 -13"><span class='ocrx_word' id='word_1_51' title='bbox 533 2054 679 2121; x_wconf 83' lang='lat' dir='ltr'>effecisse</span> <span class='ocrx_word' id='word_1_52' title='bbox 704 2053 835 2122; x_wconf 87' lang='lat' dir='ltr'>dicendi</span> <span class='ocrx_word' id='word_1_53' title='bbox 853 2067 954 2134; x_wconf 88' lang='lat' dir='ltr'>sunt,</span> <span class='ocrx_word' id='word_1_54' title='bbox 977 2069 1045 2119; x_wconf 89' lang='lat' dir='ltr'>non</span> <span class='ocrx_word' id='word_1_55' title='bbox 1066 2052 1147 2118; x_wconf 85' lang='lat' dir='ltr'>banc</span> <span class='ocrx_word' id='word_1_56' title='bbox 1170 2052 1213 2119; x_wconf 90' lang='lat' dir='ltr'>ob</span> <span class='ocrx_word' id='word_1_57' title='bbox 1237 2071 1384 2133; x_wconf 89' lang='lat' dir='ltr'>causam,</span> <span class='ocrx_word' id='word_1_58' title='bbox 1410 2053 1499 2134; x_wconf 90' lang='lat' dir='ltr'>quod</span> 
     </span>
     <span class='ocr_line' id='line_1_11' title="bbox 530 2175 1499 2261; baseline -0.01 -16"><span class='ocrx_word' id='word_1_59' title='bbox 530 2179 613 2247; x_wconf 87' lang='lat' dir='ltr'>idem</span> <span class='ocrx_word' id='word_1_60' title='bbox 643 2179 706 2246; x_wconf 87' lang='lat' dir='ltr'>sibi</span> <span class='ocrx_word' id='word_1_61' title='bbox 735 2199 801 2248; x_wconf 85' lang='lat' dir='ltr'>nou</span> <span class='ocrx_word' id='word_1_62' title='bbox 833 2188 1080 2261; x_wconf 88' lang='lat' dir='ltr'>proponerent,</span> <span class='ocrx_word' id='word_1_63' title='bbox 1103 2175 1162 2240; x_wconf 89' lang='lat' dir='ltr'>sed</span> <span class='ocrx_word' id='word_1_64' title='bbox 1179 2175 1254 2255; x_wconf 90' lang='lat' dir='ltr'>quia</span> <span class='ocrx_word' id='word_1_65' title='bbox 1270 2177 1344 2242; x_wconf 88' lang='lat' dir='ltr'>illae</span> <span class='ocrx_word' id='word_1_66' title='bbox 1362 2180 1499 2259; x_wconf 83' lang='lat' dir='ltr'>provin.</span> 
     </span>
     <span class='ocr_line' id='line_1_12' title="bbox 528 2297 1502 2386; baseline 0.001 -16"><span class='ocrx_word' id='word_1_67' title='bbox 528 2303 622 2384; x_wconf 84' lang='lat' dir='ltr'>ciac,</span> <span class='ocrx_word' id='word_1_68' title='bbox 654 2321 734 2384; x_wconf 87' lang='lat' dir='ltr'>quae</span> <span class='ocrx_word' id='word_1_69' title='bbox 769 2300 881 2386; x_wconf 89' lang='lat' dir='ltr'>primis</span> <span class='ocrx_word' id='word_1_70' title='bbox 908 2297 1110 2383; x_wconf 86' lang='lat' dir='ltr'>temporibus</span> <span class='ocrx_word' id='word_1_71' title='bbox 1140 2302 1232 2367; x_wconf 85' lang='lat' dir='ltr'>solae</span> <span class='ocrx_word' id='word_1_72' title='bbox 1258 2297 1414 2385; x_wconf 76' lang='lat' dir='ltr'>HispanIs</span> <span class='ocrx_word' id='word_1_73' title='bbox 1450 2323 1502 2371; x_wconf 88' lang='lat' dir='ltr'>re·</span> 
     </span>
     <span class='ocr_line' id='line_1_13' title="bbox 528 2426 1497 2516; baseline 0.005 -18"><span class='ocrx_word' id='word_1_74' title='bbox 528 2430 701 2511; x_wconf 85' lang='lat' dir='ltr'>stiterant,</span> <span class='ocrx_word' id='word_1_75' title='bbox 728 2432 792 2515; x_wconf 76' lang='lat' dir='ltr'>itm</span> <span class='ocrx_word' id='word_1_76' title='bbox 820 2426 1015 2510; x_wconf 85' lang='lat' dir='ltr'>reipublicae</span> <span class='ocrx_word' id='word_1_77' title='bbox 1044 2426 1180 2495; x_wconf 88' lang='lat' dir='ltr'>formam</span> <span class='ocrx_word' id='word_1_78' title='bbox 1200 2427 1456 2516; x_wconf 80' lang='lat' dir='ltr'>adoptaverant,</span> <span class='ocrx_word' id='word_1_79' title='bbox 1478 2451 1497 2502; x_wconf 79' lang='lat' dir='ltr'>a</span> 
     </span>
     <span class='ocr_line' id='line_1_14' title="bbox 535 2553 1491 2636; baseline 0.002 -17"><span class='ocrx_word' id='word_1_80' title='bbox 535 2573 598 2636; x_wconf 87' lang='lat' dir='ltr'>qua</span> <span class='ocrx_word' id='word_1_81' title='bbox 615 2553 722 2618; x_wconf 88' lang='lat' dir='ltr'>statim</span> <span class='ocrx_word' id='word_1_82' title='bbox 742 2553 895 2618; x_wconf 86' lang='lat' dir='ltr'>desistere</span> <span class='ocrx_word' id='word_1_83' title='bbox 913 2571 981 2619; x_wconf 92' lang='lat' dir='ltr'>non</span> <span class='ocrx_word' id='word_1_84' title='bbox 1000 2565 1174 2635; x_wconf 74' lang='lat' dir='ltr'>poterant.&#39;</span> <span class='ocrx_word' id='word_1_85' title='bbox 1487 2555 1491 2570; x_wconf 90' lang='grc'><strong>’</strong></span> 
     </span>
    </p>

    <p class='ocr_par' dir='ltr' id='par_1_3' title="bbox 572 2676 1495 2770">
     <span class='ocr_line' id='line_1_15' title="bbox 572 2676 1495 2770; baseline 0.001 -24"><span class='ocrx_word' id='word_1_86' title='bbox 572 2680 738 2746; x_wconf 83' lang='lat' dir='ltr'>Praeterea</span> <span class='ocrx_word' id='word_1_87' title='bbox 762 2676 917 2758; x_wconf 80' lang='lat' dir='ltr'>Princeps</span> <span class='ocrx_word' id='word_1_88' title='bbox 950 2677 1191 2743; x_wconf 72' lang='lat' dir='ltr'>Annusrncus</span> <span class='ocrx_word' id='word_1_89' title='bbox 1228 2679 1360 2747; x_wconf 89' lang='lat' dir='ltr'>nomine</span> <span class='ocrx_word' id='word_1_90' title='bbox 1392 2681 1495 2770; x_wconf 75' lang='lat' dir='ltr'>Regis</span> 
     </span>
    </p>

    <p class='ocr_par' dir='ltr' id='par_1_4' title="bbox 506 2799 1495 3385">
     <span class='ocr_line' id='line_1_16' title="bbox 506 2799 1495 2890; baseline 0.007 -17"><span class='ocrx_word' id='word_1_91' title='bbox 506 2839 508 2846; x_wconf 95' lang='lat'>·</span> <span class='ocrx_word' id='word_1_92' title='bbox 529 2803 740 2873; x_wconf 71' lang='lat' dir='ltr'>Gubernator</span> <span class='ocrx_word' id='word_1_93' title='bbox 760 2803 873 2867; x_wconf 87' lang='lat' dir='ltr'>barum</span> <span class='ocrx_word' id='word_1_94' title='bbox 892 2799 1137 2890; x_wconf 79' lang='lat' dir='ltr'>¹provinciarum</span> <span class='ocrx_word' id='word_1_95' title='bbox 1158 2816 1247 2884; x_wconf 85' lang='lat' dir='ltr'>erat,</span> <span class='ocrx_word' id='word_1_96' title='bbox 1271 2815 1304 2868; x_wconf 94' lang='lat' dir='ltr'>et</span> <span class='ocrx_word' id='word_1_97' title='bbox 1319 2809 1495 2880; x_wconf 74' lang='lat' dir='ltr'>secundum</span> 
     </span>
     <span class='ocr_line' id='line_1_17' title="bbox 527 2924 1495 3016; baseline 0.002 -18"><span class='ocrx_word' id='word_1_98' title='bbox 527 2932 645 2998; x_wconf 73' lang='lat' dir='ltr'>art-6</span> <span class='ocrx_word' id='word_1_99' title='bbox 673 2926 764 3009; x_wconf 86' lang='lat' dir='ltr'>pacis</span> <span class='ocrx_word' id='word_1_100' title='bbox 790 2924 1016 2998; x_wconf 77' lang='lat' dir='ltr'>Gandaveneis</span> <span class='ocrx_word' id='word_1_101' title='bbox 1037 2925 1102 2993; x_wconf 87' lang='lat' dir='ltr'>hoc</span> <span class='ocrx_word' id='word_1_102' title='bbox 1131 2945 1262 2993; x_wconf 90' lang='lat' dir='ltr'>munere</span> <span class='ocrx_word' id='word_1_103' title='bbox 1287 2927 1381 3016; x_wconf 78' lang='lat' dir='ltr'>fungi</span> <span class='ocrx_word' id='word_1_104' title='bbox 1397 2932 1495 3000; x_wconf 83' lang='lat' dir='ltr'>debe·</span> 
     </span>
     <span class='ocr_line' id='line_1_18' title="bbox 528 3049 1491 3138; baseline 0.006 -15"><span class='ocrx_word' id='word_1_105' title='bbox 528 3057 605 3138; x_wconf 83' lang='lat' dir='ltr'>bat,</span> <span class='ocrx_word' id='word_1_106' title='bbox 628 3054 731 3120; x_wconf 86' lang='lat' dir='ltr'>donec</span> <span class='ocrx_word' id='word_1_107' title='bbox 747 3051 888 3120; x_wconf 86' lang='lat' dir='ltr'>Ordines</span> <span class='ocrx_word' id='word_1_108' title='bbox 908 3049 1110 3134; x_wconf 86' lang='lat' dir='ltr'>Generales,</span> <span class='ocrx_word' id='word_1_109' title='bbox 1134 3051 1190 3133; x_wconf 88' lang='lat' dir='ltr'>qui</span> <span class='ocrx_word' id='word_1_110' title='bbox 1211 3070 1289 3135; x_wconf 86' lang='lat' dir='ltr'>post</span> <span class='ocrx_word' id='word_1_111' title='bbox 1311 3057 1491 3129; x_wconf 88' lang='lat' dir='ltr'>discessum</span> 
     </span>
     <span class='ocr_line' id='line_1_19' title="bbox 527 3177 1493 3264; baseline 0.005 -15"><span class='ocrx_word' id='word_1_112' title='bbox 527 3178 749 3264; x_wconf 84' lang='lat' dir='ltr'>Hispanorum</span> <span class='ocrx_word' id='word_1_113' title='bbox 777 3177 973 3246; x_wconf 84' lang='lat' dir='ltr'>conventuri</span> <span class='ocrx_word' id='word_1_114' title='bbox 1002 3192 1117 3261; x_wconf 86' lang='lat' dir='ltr'>etant,</span> <span class='ocrx_word' id='word_1_115' title='bbox 1149 3179 1333 3249; x_wconf 84' lang='lat' dir='ltr'>haedere</span> <span class='ocrx_word' id='word_1_116' title='bbox 1360 3185 1493 3254; x_wconf 79' lang='lat' dir='ltr'>statuis·</span> 
     </span>
     <span class='ocr_line' id='line_1_20' title="bbox 528 3301 1494 3385; baseline 0.004 -11"><span class='ocrx_word' id='word_1_117' title='bbox 528 3321 614 3374; x_wconf 88' lang='lat' dir='ltr'>sent.</span> <span class='ocrx_word' id='word_1_118' title='bbox 655 3305 733 3371; x_wconf 79' lang='lat' dir='ltr'>Illas</span> <span class='ocrx_word' id='word_1_119' title='bbox 760 3319 865 3370; x_wconf 81' lang='lat' dir='ltr'>tutem</span> <span class='ocrx_word' id='word_1_120' title='bbox 890 3303 969 3368; x_wconf 88' lang='lat' dir='ltr'>duas</span> <span class='ocrx_word' id='word_1_121' title='bbox 996 3301 1182 3383; x_wconf 88' lang='lat' dir='ltr'>provincias</span> <span class='ocrx_word' id='word_1_122' title='bbox 1211 3307 1401 3385; x_wconf 83' lang='lat' dir='ltr'>peculiarem</span> <span class='ocrx_word' id='word_1_123' title='bbox 1430 3311 1494 3378; x_wconf 87' lang='lat' dir='ltr'>sibi</span> 
     </span>
    </p>

    <p class='ocr_par' dir='ltr' id='par_1_5' title="bbox 481 3423 1494 3517">
     <span class='ocr_line' id='line_1_21' title="bbox 481 3423 1494 3517; baseline 0.004 -19"><span class='ocrx_word' id='word_1_124' title='bbox 481 3509 485 3517; x_wconf 31' lang='grc' dir='ltr'>Ι</span> <span class='ocrx_word' id='word_1_125' title='bbox 527 3431 700 3515; x_wconf 77' lang='lat' dir='ltr'>seperatim</span> <span class='ocrx_word' id='word_1_126' title='bbox 712 3427 911 3512; x_wconf 77' lang='lat' dir='ltr'>reipublicae</span> <span class='ocrx_word' id='word_1_127' title='bbox 925 3425 1060 3493; x_wconf 87' lang='lat' dir='ltr'>formam</span> <span class='ocrx_word' id='word_1_128' title='bbox 1078 3423 1282 3512; x_wconf 88' lang='lat' dir='ltr'>vindicasse,</span> <span class='ocrx_word' id='word_1_129' title='bbox 1306 3429 1494 3504; x_wconf 87' lang='lat' dir='ltr'>deducimus</span> 
     </span>
    </p>

    <p class='ocr_par' dir='ltr' id='par_1_6' title="bbox 524 3537 1489 3639">
     <span class='ocr_line' id='line_1_22' title="bbox 524 3537 1489 3639; baseline 0.005 -15"><span class='ocrx_word' id='word_1_130' title='bbox 524 3575 570 3624; x_wconf 82' lang='lat' dir='ltr'>ex</span> <span class='ocrx_word' id='word_1_131' title='bbox 597 3577 636 3623; x_wconf 88' lang='lat' dir='ltr'>eo</span> <span class='ocrx_word' id='word_1_132' title='bbox 676 3557 796 3638; x_wconf 79' lang='lat' dir='ltr'>quod,</span> <span class='ocrx_word' id='word_1_133' title='bbox 840 3571 938 3637; x_wconf 81' lang='lat' dir='ltr'>quum</span> <span class='ocrx_word' id='word_1_134' title='bbox 973 3537 1134 3619; x_wconf 80' lang='lat' dir='ltr'>Bruxellis</span> <span class='ocrx_word' id='word_1_135' title='bbox 1166 3552 1302 3639; x_wconf 80' lang='lat' dir='ltr'>delegati</span> <span class='ocrx_word' id='word_1_136' title='bbox 1329 3555 1489 3630; x_wconf 90' lang='lat' dir='ltr'>Ordinum</span> 
     </span>
    </p>
   </div>
   <div class='ocr_carea' id='block_1_2' title="bbox 524 3667 1494 4030">
    <p class='ocr_par' dir='ltr' id='par_1_7' title="bbox 524 3667 1494 4030">
     <span class='ocr_line' id='line_1_23' title="bbox 525 3667 1494 3767; baseline 0.008 -19"><span class='ocrx_word' id='word_1_137' title='bbox 525 3679 765 3767; x_wconf 81' lang='lat' dir='ltr'>provincitrum</span> <span class='ocrx_word' id='word_1_138' title='bbox 792 3681 935 3748; x_wconf 88' lang='lat' dir='ltr'>omnium</span> <span class='ocrx_word' id='word_1_139' title='bbox 960 3697 1088 3763; x_wconf 86' lang='lat' dir='ltr'>semper</span> <span class='ocrx_word' id='word_1_140' title='bbox 1116 3667 1494 3764; x_wconf 83' lang='lat' dir='ltr'>adessent‚H011ando-’</span> 
     </span>
     <span class='ocr_line' id='line_1_24' title="bbox 524 3806 1490 3898; baseline 0 -24"><span class='ocrx_word' id='word_1_141' title='bbox 524 3827 597 3874; x_wconf 85' lang='lat' dir='ltr'>turn</span> <span class='ocrx_word' id='word_1_142' title='bbox 617 3825 728 3876; x_wconf 85' lang='lat' dir='ltr'>contra</span> <span class='ocrx_word' id='word_1_143' title='bbox 740 3809 877 3893; x_wconf 84' lang='lat' dir='ltr'>delegati</span> <span class='ocrx_word' id='word_1_144' title='bbox 896 3806 1064 3889; x_wconf 83' lang='lat' dir='ltr'>aliquoties</span> <span class='ocrx_word' id='word_1_145' title='bbox 1083 3821 1207 3871; x_wconf 88' lang='lat' dir='ltr'>tantum</span> <span class='ocrx_word' id='word_1_146' title='bbox 1227 3809 1356 3875; x_wconf 85' lang='lat' dir='ltr'>aderant</span> <span class='ocrx_word' id='word_1_147' title='bbox 1370 3815 1442 3896; x_wconf 85' lang='lat'>(91</span> <span class='ocrx_word' id='word_1_148' title='bbox 1458 3816 1490 3898; x_wconf 81' lang='lat' dir='ltr'>&gt;t</span> 
     </span>
     <span class='ocr_line' id='line_1_25' title="bbox 524 3931 1492 4030; baseline 0.006 -32"><span class='ocrx_word' id='word_1_149' title='bbox 524 3933 606 4000; x_wconf 74' lang='lat' dir='ltr'>ndeo</span> <span class='ocrx_word' id='word_1_150' title='bbox 636 3949 675 4000; x_wconf 87' lang='lat' dir='ltr'>ut</span> <span class='ocrx_word' id='word_1_151' title='bbox 703 3931 892 4030; x_wconf 69' lang='lat' dir='ltr'>provinciae</span> <span class='ocrx_word' id='word_1_152' title='bbox 919 3947 950 3996; x_wconf 90' lang='lat' dir='ltr'>et</span> <span class='ocrx_word' id='word_1_153' title='bbox 973 3931 1167 3998; x_wconf 81' lang='lat' dir='ltr'>Holitndiae</span> <span class='ocrx_word' id='word_1_154' title='bbox 1189 3946 1221 3996; x_wconf 90' lang='lat' dir='ltr'>et</span> <span class='ocrx_word' id='word_1_155' title='bbox 1247 3931 1417 4002; x_wconf 85' lang='lat' dir='ltr'>Zeiandiae</span> <span class='ocrx_word' id='word_1_156' title='bbox 1436 3937 1492 4004; x_wconf 87' lang='lat' dir='ltr'>ba·</span> 
     </span>
    </p>
   </div>
   <div class='ocr_carea' id='block_1_3' title="bbox 1419 4059 1500 4132">
    <p class='ocr_par' dir='ltr' id='par_1_8' title="bbox 1419 4059 1500 4132">
     <span class='ocr_line' id='line_1_26' title="bbox 1419 4059 1500 4132; baseline 0.074 -6"><span class='ocrx_word' id='word_1_157' title='bbox 1419 4059 1500 4132; x_wconf 84' lang='lat' dir='ltr'>ben·</span> 
     </span>
    </p>
   </div>
   <div class='ocr_carea' id='block_1_4' title="bbox 524 4231 1497 4490">
    <p class='ocr_par' dir='ltr' id='par_1_9' title="bbox 524 4231 1497 4490">
     <span class='ocr_line' id='line_1_27' title="bbox 561 4231 1497 4304; baseline 0 -20"><span class='ocrx_word' id='word_1_158' title='bbox 561 4232 640 4304; x_wconf 72' lang='lat' dir='ltr'>(pt)</span> <span class='ocrx_word' id='word_1_159' title='bbox 653 4233 726 4284; x_wconf 77' lang='lat' dir='ltr'>Altae</span> <span class='ocrx_word' id='word_1_160' title='bbox 740 4232 770 4283; x_wconf 75' lang='lat' dir='ltr'>de</span> <span class='ocrx_word' id='word_1_161' title='bbox 781 4231 865 4296; x_wconf 74' lang='lat' dir='ltr'>fame</span> <span class='ocrx_word' id='word_1_162' title='bbox 880 4245 929 4284; x_wconf 77' lang='lat' dir='ltr'>van</span> <span class='ocrx_word' id='word_1_163' title='bbox 943 4234 972 4282; x_wconf 73' lang='lat' dir='ltr'>de</span> <span class='ocrx_word' id='word_1_164' title='bbox 987 4233 1051 4286; x_wconf 76' lang='lat' dir='ltr'>Unio</span> <span class='ocrx_word' id='word_1_165' title='bbox 1070 4233 1191 4286; x_wconf 72' lang='lat' dir='ltr'>duem</span> <span class='ocrx_word' id='word_1_166' title='bbox 1204 4235 1406 4300; x_wconf 67' lang='lat' dir='ltr'>pensuiepmd</span> <span class='ocrx_word' id='word_1_167' title='bbox 1417 4239 1497 4291; x_wconf 66' lang='lat' dir='ltr'>uam</span> 
     </span>
     <span class='ocr_line' id='line_1_28' title="bbox 524 4325 1494 4394; baseline -0.005 -16"><span class='ocrx_word' id='word_1_168' title='bbox 524 4325 680 4390; x_wconf 55' lang='lat' dir='ltr'>&amp;anthei</span> <span class='ocrx_word' id='word_1_169' title='bbox 706 4325 836 4389; x_wconf 68' lang='lat' dir='ltr'>meylem</span> <span class='ocrx_word' id='word_1_170' title='bbox 858 4325 881 4372; x_wconf 77' lang='lat' dir='ltr'>it</span> <span class='ocrx_word' id='word_1_171' title='bbox 901 4335 972 4388; x_wconf 73' lang='lat' dir='ltr'>teges</span> <span class='ocrx_word' id='word_1_172' title='bbox 992 4327 1021 4374; x_wconf 70' lang='lat' dir='ltr'>da</span> <span class='ocrx_word' id='word_1_173' title='bbox 1047 4325 1105 4372; x_wconf 73' lang='lat' dir='ltr'>sude</span> <span class='ocrx_word' id='word_1_174' title='bbox 1125 4325 1279 4384; x_wconf 76' lang='lat' dir='ltr'>cirirteiyke</span> <span class='ocrx_word' id='word_1_175' title='bbox 1296 4325 1409 4394; x_wconf 70' lang='lat' dir='ltr'>Religio,</span> <span class='ocrx_word' id='word_1_176' title='bbox 1427 4328 1494 4380; x_wconf 74' lang='lat' dir='ltr'>dm</span> 
     </span>
     <span class='ocr_line' id='line_1_29' title="bbox 524 4413 1497 4490; baseline 0.004 -23"><span class='ocrx_word' id='word_1_177' title='bbox 524 4421 589 4483; x_wconf 58' lang='lat' dir='ltr'>Qu</span> <span class='ocrx_word' id='word_1_178' title='bbox 600 4421 668 4479; x_wconf 60' lang='lat' dir='ltr'>lec,</span> <span class='ocrx_word' id='word_1_179' title='bbox 678 4431 709 4468; x_wconf 81' lang='lat' dir='ltr'>ca</span> <span class='ocrx_word' id='word_1_180' title='bbox 722 4418 752 4470; x_wconf 71' lang='lat' dir='ltr'>dc</span> <span class='ocrx_word' id='word_1_181' title='bbox 768 4419 858 4471; x_wconf 70' lang='lat' dir='ltr'>states</span> <span class='ocrx_word' id='word_1_182' title='bbox 874 4429 924 4467; x_wconf 84' lang='lat' dir='ltr'>m</span> <span class='ocrx_word' id='word_1_183' title='bbox 937 4417 1048 4468; x_wconf 73' lang='lat' dir='ltr'>Ballou</span> <span class='ocrx_word' id='word_1_184' title='bbox 1059 4430 1089 4464; x_wconf 79' lang='lat' dir='ltr'>es</span> <span class='ocrx_word' id='word_1_185' title='bbox 1102 4413 1212 4488; x_wconf 64' lang='lat' dir='ltr'>lecim</span> <span class='ocrx_word' id='word_1_186' title='bbox 1224 4415 1350 4480; x_wconf 61' lang='lat' dir='ltr'>nefastis</span> <span class='ocrx_word' id='word_1_187' title='bbox 1363 4433 1414 4490; x_wconf 68' lang='lat' dir='ltr'>m</span> <span class='ocrx_word' id='word_1_188' title='bbox 1423 4419 1497 4476; x_wconf 68' lang='lat' dir='ltr'>decu.</span> 
     </span>
    </p>
   </div>
   <div class='ocr_carea' id='block_1_5' title="bbox 1039 4509 1114 4578">
    <p class='ocr_par' dir='ltr' id='par_1_10' title="bbox 1039 4509 1114 4578">
     <span class='ocr_line' id='line_1_30' title="bbox 1039 4509 1114 4578; baseline 0 0"><span class='ocrx_word' id='word_1_189' title='bbox 1039 4509 1114 4578; x_wconf 83' lang='lat' dir='ltr'>Ls</span> 
     </span>
    </p>
   </div>
   <div class='ocr_carea' id='block_1_6' title="bbox 0 0 2354 6324">
    <p class='ocr_par' dir='ltr' id='par_1_11' title="bbox 0 0 2354 6324">
     <span class='ocr_line' id='line_1_31' title="bbox 0 0 2354 6324; baseline 0 5"><span class='ocrx_word' id='word_1_190' title='bbox 0 0 2354 6324; x_wconf 95' lang='lat' dir='ltr'> </span> 
     </span>
    </p>
   </div>
  </div>
 </body>
</html>
