4700 6324
873 1033 1090 1116 placarentur.
1119 1027 1194 1095 IIoc
1218 1029 1404 1098 deducimus
1426 1051 1465 1097 ex
1485 1033 1729 1118 magistratuum
1751 1039 1843 1108 Ant·-

876 1157 1016 1239 wcrpiae
1042 1155 1257 1222 testimoniis:
1295 1155 1354 1220 dat
1382 1157 1435 1222 nuk
1453 1158 1545 1222 stude
1569 1159 1679 1247 holm
1709 1184 1747 1228 en
1773 1162 1838 1228 deas

875 1283 951 1372 hoop
978 1282 1223 1364 termimum,
1246 1280 1305 1348 dat
1331 1301 1396 1349 tan
1422 1284 1473 1348 het
1494 1287 1658 1354 procuden
1678 1309 1839 1356 tenerem

873 1411 1028 1492 gesserat!
1056 1408 1215 1495 pardum
1251 1427 1343 1472 maer
1373 1409 1506 1477 duvenal
1536 1413 1731 1480 versochtten
1763 1432 1839 1478 accat

875 1533 1041 1598 ecrrstclick
1065 1536 1115 1599 als
1141 1533 1180 1598 de
1206 1527 1287 1600 haste
1315 1533 1451 1600 remedie
1483 1557 1548 1603 nan
1577 1538 1687 1620 allen,
1716 1536 1777 1602 dat
1801 1533 1841 1602 de

880 1653 1039 1723 Geuerale
1057 1659 1172 1726 Statcn
1194 1655 1522 1744 mogtcnucrgadcrd
1545 1657 1681 1724 worden.
1727 1657 1840 1742 Quum

876 1799 926 1846 res
952 1779 996 1847 ita
1015 1801 1087 1848 sese
1108 1783 1281 1865 haberent,
1305 1784 1530 1853 Gubernatriu
1560 1777 1677 1864 petivit
1704 1798 1723 1842 a
1750 1777 1836 1844 Put-

874 1923 1009 1989 trrro,
1035 1921 1071 1972 ut
1106 1905 1218 1974 liceret
1243 1907 1384 1976 Ordines
1418 1909 1597 1976 Generales
1635 1923 1841 1973 convocaret

875 2030 984 2097 dicens
1013 2032 1139 2099 unicum
1162 2024 1318 2104 rationem
1347 2055 1445 2116 esse,
1476 2035 1653 2103 secundum
1688 2049 1775 2098 suam
1810 2043 1843 2096 et

875 2152 1009 2221 concilii
1039 2154 1184 2234 (Raadt
1211 2177 1276 2224 rau
1309 2158 1430 2240 State)
1461 2158 1671 2240 opinionem,
1706 2178 1769 2240 qua
1805 2159 1841 2227 in

876 2299 1044 2368 posterum
1070 2277 1163 2361 quies
1181 2277 1313 2360 publica
1331 2276 1569 2344 restitueretur.
1613 2281 1837 2363 postrenus,

877 2407 968 2492 (qui
999 2423 1067 2474 non
1102 2417 1268 2486 permotus
1292 2402 1446 2488 precibus
1481 2402 1726 2472 Gubernatticis
1751 2403 1842 2470 iilatn

876 2551 965 2598 arma
996 2551 1109 2615 capere
1134 2532 1257 2618 jussit,
1288 2533 1481 2616 promittens
1509 2551 1544 2596 se
1573 2530 1681 2612 ipsum
1708 2530 1743 2594 in
1767 2530 1843 2598 neu

877 2655 965 2744 gicas
992 2655 1176 2738 provincias
1207 2672 1402 2740 venturum,
1432 2673 1464 2723 et
1490 2656 1631 2724 Ordines
1663 2671 1734 2719 esse
1761 2673 1842 2722 conv

825 2819 829 2832 ·
883 2781 1119 2867 vocaturum,)
1141 2781 1278 2848 sectetis
1291 2797 1398 2850 tamen
1414 2779 1566 2864 epistolis
1581 2778 1740 2846 Mutunus
1766 2781 1844 2847 hot-

879 2926 966 2978 tatus
982 2927 1057 2992 est,
1080 2924 1121 2974 ut.
1131 2909 1201 2990 ipsa
1215 2916 1410 2972 convocaret
1431 2901 1572 2966 Ordines
1592 2901 1790 2984 Generatim,
1810 2901 1847 2968 si.

879 3051 984 3100 novae
1005 3029 1167 3095 orirentur
1191 3025 1385 3103 seditionem
1412 3023 1511 3088 modo
1533 3041 1681 3104 curaret,
1704 3023 1846 3104 nequis

881 3156 980 3224 sciret
997 3153 1030 3222 id
1048 3173 1083 3220 se
1099 3151 1303 3238 permittente
1321 3148 1406 3216 fieri..
1429 3147 1601 3237 Quidquid
1611 3148 1678 3230 sit,
1700 3159 1847 3230 cunstat¹

880 3300 1055 3364 numquam
1076 3280 1115 3348 ab
1135 3279 1191 3345 iila
1203 3294 1401 3346 convocatos
1411 3254 1522 3345 ¹fuisse
1534 3325 1556 3361 ,.
1571 3295 1743 3359 numquam
1760 3277 1844 3342 Pur.

881 3425 1023 3478 struunt
1052 3405 1110 3470 has
1135 3403 1168 3471 in
1186 3403 1334 3488 regiones
1358 3400 1512 3486 rediisse,
1535 3401 1647 3468 turbas
1664 3421 1732 3468 non
1756 3419 1846 3468 rese·

883 3534 971 3602 ‹u‘sse
991 3532 1094 3596 donec
1116 3530 1159 3594 d..
1179 3547 1217 3594 u
1238 3527 1363 3608 Aprilis
1384 3530 1467 3610 15⁶7
1484 3525 1640 3607 Princeps
1660 3525 1847 3595 uniusn-

884 3675 952 3724 cus
976 3652 1112 3738 patriam
1141 3668 1230 3716 suam
1253 3645 1405 3728 reliquit,
1428 3661 1460 3711 et
1480 3645 1515 3710 in
1539 3645 1743 3714 Germaniam
1765 3671 1849 3732 pro,

883 3781 990 3852 [ectus
1007 3790 1057 3844 est
1079 3777 1193 3860 (62).
1235 3770 1332 3839 Brevi
1359 3784 1436 3854 post
1460 3771 1539 3836 Dux
1563 3773 1739 3840 Atnnrrus
1758 3793 1851 3860 meg*

884 3922 963 3974 num
999 3901 1172 3968 exercitum
1209 3897 1243 3964 in
1268 3895 1413 3978 Belgium
1444 3894 1561 3976 duxit,
1594 3897 1652 3978 qui
1686 3917 1761 3964 cunt
1790 3901 1848 3968 ads

882 4025 1059 4108 uenisset²
1088 4019 1320 4094 Gubernatrix.
1342 4019 1472 4093 Mutua
1496 4019 1548 4088 die
1580 4042 1622 4112 ³0
1652 4019 1851 4092 Decembris

1761 4149 1851 4231 1562·

910 4394 988 4464 (62.)
1010 4392 1070 4451 vit.
1096 4407 1171 4450 tra-te
1191 4407 1389 4450 ustnnt
1412 4393 1468 4449 rib.
1483 4394 1517 4448 11.
1541 4395 1589 4450 fol.
1604 4396 1653 4466 ῃ
