4700 6324
956 851 1505 962 ..v-,9⁷

572 1041 734 1114 Praefatio
762 1039 907 1107 continet
933 1057 1060 1106 causam
1083 1039 1187 1124 ipsius
1212 1039 1322 1122 pacti:
1344 1038 1496 1108 videlicet

536 1184 671 1237 conatus
696 1185 831 1248 eorum,
867 1165 923 1248 qui
947 1185 1058 1250 pacem
1090 1165 1334 1238 Gandavensem
1362 1169 1497 1236 subver-

533 1308 601 1361 tere
627 1293 812 1361 studebant.

576 1419 775 1509 Propositum
794 1401 914 1488 arctius
940 1421 1105 1489 vinculum
1133 1423 1349 1504 constituere,
1370 1442 1438 1492 nen
1457 1423 1497 1488 ad

534 1558 644 1624 pacem
666 1543 912 1614 Gandavensem
949 1543 1179 1629 rumpendam,
1209 1568 1321 1617 verum
1350 1549 1498 1618 adilian

535 1669 635 1753 magis
663 1669 846 1738 firmandam
873 1667 963 1753 (5).

577 1792 762 1860 Clausulam
782 1814 846 1878 qua
866 1791 1070 1873 statuebant,
1097 1809 1262 1873 nunquam
1281 1797 1498 1866 contrahenti·

533 1920 595 1989 bus
619 1941 690 1988 esse
715 1923 921 2008 propositum
947 1935 986 1986 ut
1021 1937 1056 1984 se
1081 1919 1120 1985 ab
1139 1919 1276 2004 imperio
1302 1920 1495 1990 Germanico

536 2065 753 2132 segregarent.

575 2171 766 2252 Sequuntur
792 2170 868 2236 hinc
898 2190 942 2234 αα
961 2167 1129 2249 praecipui
1159 2167 1312 2247 articuli,
1341 2165 1397 2246 qui
1432 2165 1495 2230 huc

534 2295 682 2362 redeunt.

572 2417 763 2486 Provincias
796 2414 1023 2482 contrahentes
1049 2417 1177 2501 junctas
1207 2431 1278 2480 esse
1309 2411 1344 2480 in
1382 2431 1497 2496 perpe-

534 2557 627 2610 tuum
654 2539 744 2622 quasi
769 2557 862 2606 unam
880 2539 1103 2624 provinciam,
1121 2535 1216 2604 salvis
1241 2536 1497 2623 uniucujusque

539 2665 728 2754 provinciae
754 2661 943 2746 privilegiis.
972 2662 1047 2725 Art.
1070 2663 1101 2728 Ι.
1480 2661 1483 2670 “

579 2789 722 2870 Omnia,
751 2808 832 2872 quae
862 2789 902 2854 ad
936 2783 1105 2853 utilitatem
1144 2781 1286 2850 omnium
1316 2780 1497 2865 provincia·

536 2934 608 2986 rum
638 2912 828 2998 pertinent,
855 2907 1005 2992 pluribus
1032 2903 1191 2990 suffragiis
1205 2881 1375 2976 statuenda
1396 2924 1494 2990 sunt,

537 3041 595 3111 hac
616 3035 828 3122 exceptione,
848 3044 908 3113 ur,
934 3032 1062 3114 quando
1089 3033 1127 3097 de
1146 3051 1248 3114 pace,
1276 3033 1389 3116 bello,
1407 3053 1497 3102 com·

533 3163 687 3234 munibus
715 3157 847 3228 tributis
879 3171 1058 3241 ageretur,
1090 3157 1249 3226 unanimis
1280 3159 1495 3244 requireretur

523 3303 734 3357 ¹consensus.
770 3284 849 3350 Art.
869 3278 932 3344 lx.

578 3413 655 3479 Una
689 3403 857 3493 provincia
890 3404 1007 3473 foedus
1040 3425 1113 3476 cum
1143 3409 1286 3479 externis
1319 3407 1402 3478 inire
1430 3427 1496 3478 non

539 3549 663 3622 potest.
701 3534 776 3600 Art.
797 3536 842 3608 X.
947 3619 952 3628 ι
1165 3511 1168 3518 ’

578 3663 807 3747 Unaquaequq
822 3659 993 3743 provincia
1022 3660 1061 3728 de
1084 3660 1182 3728 rebus
1202 3659 1269 3728 suis
1289 3661 1424 3732 internis
1442 3683 1498 3732 sn·

537 3791 568 3855 la
583 3786 728 3874 judicat,
757 3801 978 3871 praeterquam
1002 3783 1030 3851 si
1053 3783 1093 3850 de
1118 3800 1247 3888 moneta
1265 3804 1389 3871 agatur.
1418 3791 1498 3863 Art,

537 3911 614 3976 xli.

1405 4036 1495 4125 Que-

574 4212 633 4280 (s)
655 4210 937 4278 Narrant-renuente·
956 4211 983 4266 id
1003 4175 1160 4276 praetextum
1183 4225 1294 4278 vacant,
1309 4227 1343 4268 ue
1363 4227 1423 4270 tunc
1444 4218 1493 4276 lam

537 4317 687 4370 putarentur
704 4305 799 4366 neren
819 4304 963 4370 reliquisse.
996 4301 1055 4362 vlt.
1077 4308 1233 4370 liuttere,
1257 4306 1321 4359 lot·
1334 4304 1378 4356 dtr
1393 4305 1499 4365 Ntierl.

541 4392 674 4447 Gerulum.
696 4396 767 4450 lul.
788 4411 815 4462 p,
830 4399 888 4462 ⁸⁶¹·

1070 4485 1105 4554 N

1410 4612 1442 4639 a.»
1459 4585 1502 4636 «ϊέ
