<?xml version="1.0" encoding="UTF-8"?>
<!DOCTYPE html PUBLIC "-//W3C//DTD XHTML 1.0 Transitional//EN"
    "http://www.w3.org/TR/xhtml1/DTD/xhtml1-transitional.dtd">
<html xmlns="http://www.w3.org/1999/xhtml" xml:lang="en" lang="en">
 <head>
  <title>
</title>
<meta http-equiv="Content-Type" content="text/html;charset=utf-8" />
  <meta name='ocr-system' content='tesseract 3.04.00' />
  <meta name='ocr-capabilities' content='ocr_page ocr_carea ocr_par ocr_line ocrx_word'/>
</head>
<body>
  <div class='ocr_page' id='page_1' title='image "./disputatiohisto00dedegoog_0109.png"; bbox 0 0 4700 6324; ppageno 0'>
   <div class='ocr_carea' id='block_1_1' title="bbox 949 781 1503 885">
    <p class='ocr_par' dir='ltr' id='par_1_1' title="bbox 949 781 1503 885">
     <span class='ocr_line' id='line_1_1' title="bbox 949 781 1503 885; baseline -0.005 3"><span class='ocrx_word' id='word_1_1' title='bbox 949 781 1075 863; x_wconf 85' lang='lat'>-&#39;·-&#39;-¹&#39;&#39;-</span> <span class='ocrx_word' id='word_1_2' title='bbox 1453 807 1503 885; x_wconf 76' lang='lat' dir='ltr'><strong>ss</strong></span> 
     </span>
    </p>
   </div>
   <div class='ocr_carea' id='block_1_2' title="bbox 527 971 1503 2061">
    <p class='ocr_par' dir='ltr' id='par_1_2' title="bbox 527 971 1503 2061">
     <span class='ocr_line' id='line_1_2' title="bbox 527 971 1499 1063; baseline -0.007 -11"><span class='ocrx_word' id='word_1_3' title='bbox 527 1007 531 1016; x_wconf 95' lang='lat'>·</span> <span class='ocrx_word' id='word_1_4' title='bbox 585 983 698 1062; x_wconf 80' lang='lat' dir='ltr'><strong>toque</strong></span> <span class='ocrx_word' id='word_1_5' title='bbox 724 971 898 1046; x_wconf 76' lang='lat' dir='ltr'>auctoritas</span> <span class='ocrx_word' id='word_1_6' title='bbox 928 981 1107 1046; x_wconf 84' lang='lat' dir='ltr'><strong>conventus</strong></span> <span class='ocrx_word' id='word_1_7' title='bbox 1143 975 1362 1045; x_wconf 84' lang='lat' dir='ltr'><strong>Bruxeliensis</strong></span> <span class='ocrx_word' id='word_1_8' title='bbox 1399 979 1499 1063; x_wconf 77' lang='lat' dir='ltr'><strong>magis</strong></span> 
     </span>
     <span class='ocr_line' id='line_1_3' title="bbox 540 1087 1500 1191; baseline -0.002 -17"><span class='ocrx_word' id='word_1_9' title='bbox 540 1108 710 1191; x_wconf 81' lang='lat' dir='ltr'><strong>magisque</strong></span> <span class='ocrx_word' id='word_1_10' title='bbox 740 1087 912 1168; x_wconf 83' lang='lat' dir='ltr'><strong>crescebat.</strong></span> <span class='ocrx_word' id='word_1_11' title='bbox 964 1100 1051 1167; x_wconf 82' lang='lat' dir='ltr'><strong>otim</strong></span> <span class='ocrx_word' id='word_1_12' title='bbox 1070 1102 1103 1170; x_wconf 87' lang='lat' dir='ltr'><strong>in</strong></span> <span class='ocrx_word' id='word_1_13' title='bbox 1126 1102 1307 1186; x_wconf 83' lang='lat' dir='ltr'><strong>provincias</strong></span> <span class='ocrx_word' id='word_1_14' title='bbox 1331 1103 1500 1187; x_wconf 86' lang='lat' dir='ltr'><strong>redibant,</strong></span> 
     </span>
     <span class='ocr_line' id='line_1_4' title="bbox 545 1224 1499 1318; baseline -0.004 -20"><span class='ocrx_word' id='word_1_15' title='bbox 545 1233 642 1318; x_wconf 88' lang='lat' dir='ltr'><strong>(sive</strong></span> <span class='ocrx_word' id='word_1_16' title='bbox 658 1244 761 1295; x_wconf 92' lang='lat' dir='ltr'><strong>totum</strong></span> <span class='ocrx_word' id='word_1_17' title='bbox 782 1244 901 1306; x_wconf 87' lang='lat' dir='ltr'><strong>corpus</strong></span> <span class='ocrx_word' id='word_1_18' title='bbox 918 1224 1076 1294; x_wconf 89' lang='lat' dir='ltr'><strong>Ordinum</strong></span> <span class='ocrx_word' id='word_1_19' title='bbox 1096 1227 1281 1298; x_wconf 83' lang='lat' dir='ltr'>Provinciae</span> <span class='ocrx_word' id='word_1_20' title='bbox 1300 1227 1370 1295; x_wconf 87' lang='lat' dir='ltr'><strong>sive</strong></span> <span class='ocrx_word' id='word_1_21' title='bbox 1386 1228 1499 1294; x_wconf 85' lang='lat' dir='ltr'><strong>eorum</strong></span> 
     </span>
     <span class='ocr_line' id='line_1_5' title="bbox 542 1351 1497 1440; baseline -0.004 -18"><span class='ocrx_word' id='word_1_22' title='bbox 542 1354 675 1440; x_wconf 72' lang='lat' dir='ltr'><strong>delegati</strong></span> <span class='ocrx_word' id='word_1_23' title='bbox 693 1353 728 1420; x_wconf 91' lang='lat' dir='ltr'><strong>in</strong></span> <span class='ocrx_word' id='word_1_24' title='bbox 744 1351 901 1419; x_wconf 88' lang='lat' dir='ltr'><strong>Ordinum</strong></span> <span class='ocrx_word' id='word_1_25' title='bbox 910 1351 1116 1416; x_wconf 87' lang='lat' dir='ltr'><strong>Generalium</strong></span> <span class='ocrx_word' id='word_1_26' title='bbox 1133 1369 1294 1420; x_wconf 81' lang='lat' dir='ltr'><strong>conventu</strong></span> <span class='ocrx_word' id='word_1_27' title='bbox 1308 1353 1497 1438; x_wconf 85' lang='lat' dir='ltr'><strong>adessent);</strong></span> 
     </span>
     <span class='ocr_line' id='line_1_6' title="bbox 540 1459 1502 1560; baseline 0 -14"><span class='ocrx_word' id='word_1_28' title='bbox 540 1497 628 1546; x_wconf 92' lang='lat' dir='ltr'><strong>nunc</strong></span> <span class='ocrx_word' id='word_1_29' title='bbox 648 1471 806 1560; x_wconf 69' lang='lat' dir='ltr'><strong>perpetuo</strong></span> <span class='ocrx_word' id='word_1_30' title='bbox 828 1475 997 1542; x_wconf 82' lang='lat' dir='ltr'><strong>manebant</strong></span> <span class='ocrx_word' id='word_1_31' title='bbox 1016 1487 1048 1538; x_wconf 85' lang='lat' dir='ltr'><strong>ot</strong></span> <span class='ocrx_word' id='word_1_32' title='bbox 1071 1475 1110 1538; x_wconf 89' lang='lat' dir='ltr'><strong>de</strong></span> <span class='ocrx_word' id='word_1_33' title='bbox 1136 1478 1287 1544; x_wconf 87' lang='lat' dir='ltr'><strong>omnibus</strong></span> <span class='ocrx_word' id='word_1_34' title='bbox 1301 1477 1407 1542; x_wconf 87' lang='lat' dir='ltr'><strong>statim</strong></span> <span class='ocrx_word' id='word_1_35' title='bbox 1421 1459 1502 1546; x_wconf 86' lang='lat' dir='ltr'><strong>con·</strong></span> 
     </span>
     <span class='ocr_line' id='line_1_7' title="bbox 539 1598 1500 1689; baseline 0 -19"><span class='ocrx_word' id='word_1_36' title='bbox 539 1601 743 1682; x_wconf 66' lang='lat' dir='ltr'><strong>effluebant,</strong></span> <span class='ocrx_word' id='word_1_37' title='bbox 777 1617 851 1664; x_wconf 88' lang='lat' dir='ltr'><strong>cum</strong></span> <span class='ocrx_word' id='word_1_38' title='bbox 867 1598 1062 1664; x_wconf 74' lang='lat' dir='ltr'><strong>¹verosimile</strong></span> <span class='ocrx_word' id='word_1_39' title='bbox 1085 1604 1129 1668; x_wconf 88' lang='lat' dir='ltr'><strong>sit</strong></span> <span class='ocrx_word' id='word_1_40' title='bbox 1165 1622 1299 1689; x_wconf 80' lang='lat' dir='ltr'><strong>propter</strong></span> <span class='ocrx_word' id='word_1_41' title='bbox 1318 1618 1500 1685; x_wconf 88' lang='lat' dir='ltr'><strong>temporum</strong></span> 
     </span>
     <span class='ocr_line' id='line_1_8' title="bbox 541 1724 1502 1811; baseline 0.001 -15"><span class='ocrx_word' id='word_1_42' title='bbox 541 1726 757 1795; x_wconf 88' lang='lat' dir='ltr'><strong>conditionem</strong></span> <span class='ocrx_word' id='word_1_43' title='bbox 775 1724 850 1790; x_wconf 91' lang='lat' dir='ltr'><strong>illos</strong></span> <span class='ocrx_word' id='word_1_44' title='bbox 868 1726 1022 1808; x_wconf 84' lang='lat' dir='ltr'><strong>majorem</strong></span> <span class='ocrx_word' id='word_1_45' title='bbox 1045 1727 1158 1810; x_wconf 72' lang='lat' dir='ltr'><strong>agendi</strong></span> <span class='ocrx_word' id='word_1_46' title='bbox 1185 1729 1362 1811; x_wconf 76' lang='lat' dir='ltr'><strong>potentiam</strong></span> <span class='ocrx_word' id='word_1_47' title='bbox 1379 1747 1398 1793; x_wconf 84' lang='lat' dir='ltr'><strong>t</strong></span> <span class='ocrx_word' id='word_1_48' title='bbox 1415 1748 1502 1797; x_wconf 78' lang='lat' dir='ltr'><strong>man·</strong></span> 
     </span>
     <span class='ocr_line' id='line_1_9' title="bbox 541 1850 1503 1936; baseline -0.004 -18"><span class='ocrx_word' id='word_1_49' title='bbox 541 1850 691 1919; x_wconf 77' lang='lat' dir='ltr'><strong>dantibus</strong></span> <span class='ocrx_word' id='word_1_50' title='bbox 719 1851 882 1934; x_wconf 83' lang='lat' dir='ltr'><strong>accepisse</strong></span> <span class='ocrx_word' id='word_1_51' title='bbox 909 1867 1004 1932; x_wconf 84' lang='lat' dir='ltr'><strong>quam</strong></span> <span class='ocrx_word' id='word_1_52' title='bbox 1030 1865 1134 1916; x_wconf 79' lang='lat' dir='ltr'><strong>anteo.</strong></span> <span class='ocrx_word' id='word_1_53' title='bbox 1177 1852 1265 1920; x_wconf 83' lang='lat' dir='ltr'><strong>Raro</strong></span> <span class='ocrx_word' id='word_1_54' title='bbox 1290 1852 1390 1936; x_wconf 87' lang='lat' dir='ltr'><strong>igitur</strong></span> <span class='ocrx_word' id='word_1_55' title='bbox 1420 1851 1503 1916; x_wconf 85' lang='lat' dir='ltr'><strong>acci·</strong></span> 
     </span>
     <span class='ocr_line' id='line_1_10' title="bbox 543 1975 1503 2061; baseline 0.001 -18"><span class='ocrx_word' id='word_1_56' title='bbox 543 1977 591 2043; x_wconf 89' lang='lat' dir='ltr'><strong>dit</strong></span> <span class='ocrx_word' id='word_1_57' title='bbox 614 1993 659 2052; x_wconf 86' lang='lat' dir='ltr'><strong>¹ut</strong></span> <span class='ocrx_word' id='word_1_58' title='bbox 687 1977 874 2044; x_wconf 83' lang='lat' dir='ltr'><strong>mandantes</strong></span> <span class='ocrx_word' id='word_1_59' title='bbox 905 1975 1074 2042; x_wconf 87' lang='lat' dir='ltr'><strong>consulere</strong></span> <span class='ocrx_word' id='word_1_60' title='bbox 1105 1976 1297 2061; x_wconf 86' lang='lat' dir='ltr'>debuerint,</span> <span class='ocrx_word' id='word_1_61' title='bbox 1330 1995 1503 2060; x_wconf 80' lang='lat' dir='ltr'><strong>numquam</strong></span> 
     </span>
    </p>
   </div>
   <div class='ocr_carea' id='block_1_3' title="bbox 540 2099 1627 2191">
    <p class='ocr_par' dir='ltr' id='par_1_3' title="bbox 540 2099 1627 2191">
     <span class='ocr_line' id='line_1_11' title="bbox 540 2099 1627 2191; baseline -0.006 -21"><span class='ocrx_word' id='word_1_62' title='bbox 540 2117 645 2171; x_wconf 78' lang='lat' dir='ltr'><strong>tamen</strong></span> <span class='ocrx_word' id='word_1_63' title='bbox 673 2109 824 2191; x_wconf 83' lang='lat' dir='ltr'><strong>mojorem</strong></span> <span class='ocrx_word' id='word_1_64' title='bbox 856 2103 918 2168; x_wconf 90' lang='lat' dir='ltr'><strong>sibi</strong></span> <span class='ocrx_word' id='word_1_65' title='bbox 941 2099 1193 2181; x_wconf 58' lang='lat' dir='ltr'><strong>{auctoritatem</strong></span> <span class='ocrx_word' id='word_1_66' title='bbox 1225 2121 1319 2184; x_wconf 82' lang='lat' dir='ltr'><strong>quam</strong></span> <span class='ocrx_word' id='word_1_67' title='bbox 1343 2119 1425 2184; x_wconf 82' lang='lat' dir='ltr'><strong>quae</strong></span> <span class='ocrx_word' id='word_1_68' title='bbox 1445 2119 1504 2182; x_wconf 88' lang='lat' dir='ltr'><strong>per</strong></span> <span class='ocrx_word' id='word_1_69' title='bbox 1619 2147 1627 2154; x_wconf 84' lang='lat'>.</span> 
     </span>
    </p>
   </div>
   <div class='ocr_carea' id='block_1_4' title="bbox 524 2219 1502 4046">
    <p class='ocr_par' dir='ltr' id='par_1_4' title="bbox 524 2219 1502 4046">
     <span class='ocr_line' id='line_1_12' title="bbox 538 2219 1502 2301; baseline 0.001 -8"><span class='ocrx_word' id='word_1_70' title='bbox 538 2221 719 2293; x_wconf 74' lang='lat' dir='ltr'><strong>mandorum</strong></span> <span class='ocrx_word' id='word_1_71' title='bbox 756 2222 1024 2301; x_wconf 79' lang='lat' dir='ltr'><strong>concedebatur,</strong></span> <span class='ocrx_word' id='word_1_72' title='bbox 1055 2219 1215 2288; x_wconf 77' lang='lat' dir='ltr'><strong>vindicare</strong></span> <span class='ocrx_word' id='word_1_73' title='bbox 1237 2224 1410 2294; x_wconf 71' lang='lat' dir='ltr'><strong>audebant.</strong></span> <span class='ocrx_word' id='word_1_74' title='bbox 1463 2224 1502 2294; x_wconf 90' lang='lat' dir='ltr'><strong>ld</strong></span> 
     </span>
     <span class='ocr_line' id='line_1_13' title="bbox 537 2346 1497 2436; baseline 0.004 -22"><span class='ocrx_word' id='word_1_75' title='bbox 537 2349 695 2436; x_wconf 81' lang='lat' dir='ltr'><strong>probatur</strong></span> <span class='ocrx_word' id='word_1_76' title='bbox 726 2367 765 2414; x_wconf 84' lang='lat' dir='ltr'><strong>ex</strong></span> <span class='ocrx_word' id='word_1_77' title='bbox 791 2369 952 2434; x_wconf 88' lang='lat' dir='ltr'><strong>responso</strong></span> <span class='ocrx_word' id='word_1_78' title='bbox 971 2352 1046 2417; x_wconf 84' lang='lat' dir='ltr'><strong>dato</strong></span> <span class='ocrx_word' id='word_1_79' title='bbox 1064 2346 1242 2416; x_wconf 76' lang='lat' dir='ltr'><strong>Archiduci</strong></span> <span class='ocrx_word' id='word_1_80' title='bbox 1260 2347 1497 2434; x_wconf 65' lang='lat' dir='ltr'><strong>Mororum</strong></span> 
     </span>
     <span class='ocr_line' id='line_1_14' title="bbox 524 2475 1498 2559; baseline 0 -19"><span class='ocrx_word' id='word_1_81' title='bbox 524 2495 638 2557; x_wconf 66' lang='lat' dir='ltr'><strong>„quum</strong></span> <span class='ocrx_word' id='word_1_82' title='bbox 677 2475 855 2540; x_wconf 87' lang='lat' dir='ltr'><strong>Ordinibus</strong></span> <span class='ocrx_word' id='word_1_83' title='bbox 891 2475 1108 2541; x_wconf 79' lang='lat' dir='ltr'><strong>Generalibus</strong></span> <span class='ocrx_word' id='word_1_84' title='bbox 1147 2489 1345 2555; x_wconf 87' lang='lat' dir='ltr'><strong>proponeret</strong></span> <span class='ocrx_word' id='word_1_85' title='bbox 1384 2476 1498 2559; x_wconf 86' lang='lat' dir='ltr'><strong>leges,</strong></span> 
     </span>
     <span class='ocr_line' id='line_1_15' title="bbox 537 2594 1498 2688; baseline -0.002 -24"><span class='ocrx_word' id='word_1_86' title='bbox 537 2615 619 2680; x_wconf 77' lang='lat' dir='ltr'><strong>quoe</strong></span> <span class='ocrx_word' id='word_1_87' title='bbox 636 2594 785 2664; x_wconf 86' lang='lat' dir='ltr'><strong>ferendae</strong></span> <span class='ocrx_word' id='word_1_88' title='bbox 813 2610 902 2688; x_wconf 77' lang='lat' dir='ltr'><strong>erunt</strong></span> <span class='ocrx_word' id='word_1_89' title='bbox 927 2598 968 2663; x_wconf 88' lang='lat' dir='ltr'><strong>de</strong></span> <span class='ocrx_word' id='word_1_90' title='bbox 994 2597 1174 2683; x_wconf 77' lang='lat' dir='ltr'><strong>religiono,</strong></span> <span class='ocrx_word' id='word_1_91' title='bbox 1206 2595 1320 2660; x_wconf 76' lang='lat' dir='ltr'><strong>hebben</strong></span> <span class='ocrx_word' id='word_1_92' title='bbox 1335 2598 1498 2662; x_wconf 69' lang='lat' dir='ltr'><strong>vertiam</strong></span> 
     </span>
     <span class='ocr_line' id='line_1_16' title="bbox 537 2719 1498 2810; baseline 0 -24"><span class='ocrx_word' id='word_1_93' title='bbox 537 2719 596 2787; x_wconf 76' lang='lat' dir='ltr'><strong>dat</strong></span> <span class='ocrx_word' id='word_1_94' title='bbox 616 2740 649 2803; x_wconf 78' lang='lat' dir='ltr'><strong>sy</strong></span> <span class='ocrx_word' id='word_1_95' title='bbox 667 2719 728 2784; x_wconf 80' lang='lat' dir='ltr'><strong>hen</strong></span> <span class='ocrx_word' id='word_1_96' title='bbox 760 2722 827 2784; x_wconf 80' lang='lat' dir='ltr'><strong>m&#39;er</strong></span> <span class='ocrx_word' id='word_1_97' title='bbox 851 2738 889 2783; x_wconf 79' lang='lat' dir='ltr'><strong>en</strong></span> <span class='ocrx_word' id='word_1_98' title='bbox 915 2719 1036 2787; x_wconf 69' lang='lat' dir='ltr'><strong>vonden</strong></span> <span class='ocrx_word' id='word_1_99' title='bbox 1052 2723 1305 2810; x_wconf 77' lang='lat' dir='ltr'><strong>geauthort‘seert</strong></span> <span class='ocrx_word' id='word_1_100' title='bbox 1321 2739 1369 2787; x_wconf 85' lang='lat' dir='ltr'><strong>om</strong></span> <span class='ocrx_word' id='word_1_101' title='bbox 1381 2719 1498 2810; x_wconf 75' lang='lat' dir='ltr'><strong>daerop</strong></span> 
     </span>
     <span class='ocr_line' id='line_1_17' title="bbox 536 2821 1496 2929; baseline -0.001 -16"><span class='ocrx_word' id='word_1_102' title='bbox 536 2843 683 2916; x_wconf 75' lang='lat' dir='ltr'><strong>&#39;resolutio</strong></span> <span class='ocrx_word' id='word_1_103' title='bbox 707 2859 739 2910; x_wconf 77' lang='lat' dir='ltr'><strong>tc</strong></span> <span class='ocrx_word' id='word_1_104' title='bbox 766 2864 891 2910; x_wconf 71' lang='lat' dir='ltr'><strong>neeman</strong></span> <span class='ocrx_word' id='word_1_105' title='bbox 901 2887 918 2926; x_wconf 83' lang='lat'><strong>,-</strong></span> <span class='ocrx_word' id='word_1_106' title='bbox 936 2843 1016 2910; x_wconf 77' lang='lat' dir='ltr'><strong>ende</strong></span> <span class='ocrx_word' id='word_1_107' title='bbox 1030 2843 1089 2911; x_wconf 82' lang='lat' dir='ltr'><strong>dat</strong></span> <span class='ocrx_word' id='word_1_108' title='bbox 1105 2865 1138 2928; x_wconf 71' lang='lat' dir='ltr'><strong>sy</strong></span> <span class='ocrx_word' id='word_1_109' title='bbox 1159 2865 1225 2914; x_wconf 72' lang='lat' dir='ltr'><strong>van</strong></span> <span class='ocrx_word' id='word_1_110' title='bbox 1242 2846 1351 2914; x_wconf 68' lang='lat' dir='ltr'><strong>aduisa</strong></span> <span class='ocrx_word' id='word_1_111' title='bbox 1367 2821 1496 2929; x_wconf 64' lang='lat' dir='ltr'><strong>everen,</strong></span> 
     </span>
     <span class='ocr_line' id='line_1_18' title="bbox 535 2965 1496 3058; baseline 0.003 -19"><span class='ocrx_word' id='word_1_112' title='bbox 535 2971 594 3040; x_wconf 81' lang='lat' dir='ltr'><strong>dat</strong></span> <span class='ocrx_word' id='word_1_113' title='bbox 625 2986 678 3037; x_wconf 82' lang='lat' dir='ltr'><strong>ten</strong></span> <span class='ocrx_word' id='word_1_114' title='bbox 704 2965 778 3034; x_wconf 75' lang='lat' dir='ltr'><strong>dien</strong></span> <span class='ocrx_word' id='word_1_115' title='bbox 805 2966 872 3048; x_wconf 74' lang='lat' dir='ltr'><strong>fine</strong></span> <span class='ocrx_word' id='word_1_116' title='bbox 890 2968 928 3034; x_wconf 78' lang='lat' dir='ltr'><strong>de</strong></span> <span class='ocrx_word' id='word_1_117' title='bbox 954 2971 1174 3038; x_wconf 73' lang='lat' dir='ltr'><strong>soorschrmn</strong></span> <span class='ocrx_word' id='word_1_118' title='bbox 1196 2976 1342 3058; x_wconf 76' lang='lat' dir='ltr'><strong>pot&#39;ncten</strong></span> <span class='ocrx_word' id='word_1_119' title='bbox 1381 2973 1496 3044; x_wconf 68' lang='lat' dir='ltr'><strong>saudan</strong></span> 
     </span>
     <span class='ocr_line' id='line_1_19' title="bbox 532 3093 1493 3184; baseline -0.006 -19"><span class='ocrx_word' id='word_1_120' title='bbox 532 3096 654 3165; x_wconf 72' lang='lat' dir='ltr'><strong>worden</strong></span> <span class='ocrx_word' id='word_1_121' title='bbox 667 3093 822 3182; x_wconf 77' lang='lat' dir='ltr'><strong>gesonderr</strong></span> <span class='ocrx_word' id='word_1_122' title='bbox 847 3114 913 3158; x_wconf 83' lang='lat' dir='ltr'><strong>aan</strong></span> <span class='ocrx_word' id='word_1_123' title='bbox 936 3093 1017 3160; x_wconf 75' lang='lat' dir='ltr'><strong>hare</strong></span> <span class='ocrx_word' id='word_1_124' title='bbox 1037 3093 1191 3164; x_wconf 75' lang='lat' dir='ltr'><strong>Moesters</strong></span> <span class='ocrx_word' id='word_1_125' title='bbox 1215 3097 1251 3163; x_wconf 67' lang='grc' dir='ltr'><strong>ἐκ</strong></span> <span class='ocrx_word' id='word_1_126' title='bbox 1270 3093 1493 3184; x_wconf 68' lang='lat' dir='ltr'><strong>clckopros’t&#39;n·</strong></span> 
     </span>
     <span class='ocr_line' id='line_1_20' title="bbox 531 3189 1217 3308; baseline -0.007 -20"><span class='ocrx_word' id='word_1_127' title='bbox 531 3225 600 3288; x_wconf 71' lang='lat' dir='ltr'><strong>cion</strong></span> <span class='ocrx_word' id='word_1_128' title='bbox 617 3241 664 3289; x_wconf 84' lang='lat' dir='ltr'><strong>om</strong></span> <span class='ocrx_word' id='word_1_129' title='bbox 682 3219 807 3308; x_wconf 80' lang='lat' dir='ltr'><strong>daarop</strong></span> <span class='ocrx_word' id='word_1_130' title='bbox 822 3235 854 3286; x_wconf 78' lang='lat' dir='ltr'><strong>te</strong></span> <span class='ocrx_word' id='word_1_131' title='bbox 872 3221 1063 3286; x_wconf 71' lang='lat' dir='ltr'><strong>resoluecrm</strong></span> <span class='ocrx_word' id='word_1_132' title='bbox 1083 3189 1217 3303; x_wconf 66' lang='lat' dir='ltr'><strong>(tos).</strong></span> 
     </span>
     <span class='ocr_line' id='line_1_21' title="bbox 577 3343 1497 3432; baseline -0.01 -18"><span class='ocrx_word' id='word_1_133' title='bbox 577 3347 844 3432; x_wconf 84' lang='lat' dir='ltr'><strong>Quamtpertum</strong></span> <span class='ocrx_word' id='word_1_134' title='bbox 864 3344 1051 3429; x_wconf 83' lang='lat' dir='ltr'><strong>igiturest,</strong></span> <span class='ocrx_word' id='word_1_135' title='bbox 1075 3343 1166 3409; x_wconf 85' lang='lat' dir='ltr'><strong>illum</strong></span> <span class='ocrx_word' id='word_1_136' title='bbox 1190 3353 1385 3410; x_wconf 84' lang='lat' dir='ltr'><strong>conventum</strong></span> <span class='ocrx_word' id='word_1_137' title='bbox 1408 3356 1497 3406; x_wconf 82' lang='lat' dir='ltr'><strong>erer-</strong></span> 
     </span>
     <span class='ocr_line' id='line_1_22' title="bbox 533 3465 1494 3551; baseline -0.002 -15"><span class='ocrx_word' id='word_1_138' title='bbox 533 3468 641 3536; x_wconf 90' lang='lat' dir='ltr'><strong>cuisse</strong></span> <span class='ocrx_word' id='word_1_139' title='bbox 675 3487 799 3535; x_wconf 85' lang='lat' dir='ltr'><strong>omnem</strong></span> <span class='ocrx_word' id='word_1_140' title='bbox 842 3470 927 3534; x_wconf 78' lang='lat' dir='ltr'><strong>illam</strong></span> <span class='ocrx_word' id='word_1_141' title='bbox 958 3480 1175 3551; x_wconf 84' lang='lat' dir='ltr'><strong>potestatem,</strong></span> <span class='ocrx_word' id='word_1_142' title='bbox 1208 3485 1290 3551; x_wconf 80' lang='lat' dir='ltr'><strong>quae</strong></span> <span class='ocrx_word' id='word_1_143' title='bbox 1315 3465 1494 3534; x_wconf 83' lang='lat' dir='ltr'><strong>Ordinibus</strong></span> 
     </span>
     <span class='ocr_line' id='line_1_23' title="bbox 535 3589 1497 3675; baseline -0.001 -14"><span class='ocrx_word' id='word_1_144' title='bbox 535 3592 751 3662; x_wconf 80' lang='lat' dir='ltr'><strong>Generalibus</strong></span> <span class='ocrx_word' id='word_1_145' title='bbox 779 3593 956 3660; x_wconf 84' lang='lat' dir='ltr'><strong>secundum</strong></span> <span class='ocrx_word' id='word_1_146' title='bbox 995 3609 1105 3675; x_wconf 83' lang='lat' dir='ltr'><strong>pacem</strong></span> <span class='ocrx_word' id='word_1_147' title='bbox 1141 3589 1385 3660; x_wconf 80' lang='lat' dir='ltr'><strong>Gundavensem</strong></span> <span class='ocrx_word' id='word_1_148' title='bbox 1408 3611 1497 3660; x_wconf 90' lang='lat' dir='ltr'><strong>com·</strong></span> 
     </span>
     <span class='ocr_line' id='line_1_24' title="bbox 534 3716 1497 3811; baseline -0.006 -22"><span class='ocrx_word' id='word_1_149' title='bbox 534 3723 678 3811; x_wconf 84' lang='lat' dir='ltr'><strong>petebat.</strong></span> <span class='ocrx_word' id='word_1_150' title='bbox 722 3721 815 3790; x_wconf 80' lang='lat' dir='ltr'><strong>Hanc</strong></span> <span class='ocrx_word' id='word_1_151' title='bbox 835 3722 878 3789; x_wconf 92' lang='lat' dir='ltr'><strong>ob</strong></span> <span class='ocrx_word' id='word_1_152' title='bbox 897 3735 1021 3786; x_wconf 76' lang='lat' dir='ltr'><strong>causam</strong></span> <span class='ocrx_word' id='word_1_153' title='bbox 1034 3734 1110 3783; x_wconf 89' lang='lat' dir='ltr'><strong>non</strong></span> <span class='ocrx_word' id='word_1_154' title='bbox 1125 3717 1295 3783; x_wconf 86' lang='lat' dir='ltr'><strong>statuimus</strong></span> <span class='ocrx_word' id='word_1_155' title='bbox 1309 3716 1399 3782; x_wconf 88' lang='lat' dir='ltr'><strong>illum</strong></span> <span class='ocrx_word' id='word_1_156' title='bbox 1418 3735 1497 3783; x_wconf 91' lang='lat' dir='ltr'><strong>con·</strong></span> 
     </span>
     <span class='ocr_line' id='line_1_25' title="bbox 536 3836 1496 3928; baseline -0.008 -18"><span class='ocrx_word' id='word_1_157' title='bbox 536 3862 667 3912; x_wconf 85' lang='lat' dir='ltr'><strong>ventum</strong></span> <span class='ocrx_word' id='word_1_158' title='bbox 690 3859 787 3928; x_wconf 74' lang='lat' dir='ltr'><strong>caput</strong></span> <span class='ocrx_word' id='word_1_159' title='bbox 815 3845 956 3909; x_wconf 86' lang='lat' dir='ltr'><strong>omnium</strong></span> <span class='ocrx_word' id='word_1_160' title='bbox 990 3841 1109 3908; x_wconf 83' lang='lat' dir='ltr'><strong>fuisset</strong></span> <span class='ocrx_word' id='word_1_161' title='bbox 1142 3840 1317 3908; x_wconf 88' lang='lat' dir='ltr'><strong>secundum</strong></span> <span class='ocrx_word' id='word_1_162' title='bbox 1349 3836 1496 3918; x_wconf 80' lang='lat' dir='ltr'><strong>pacifica-</strong></span> 
     </span>
     <span class='ocr_line' id='line_1_26' title="bbox 534 3963 1498 4046; baseline -0.015 -9"><span class='ocrx_word' id='word_1_163' title='bbox 534 3968 655 4038; x_wconf 75' lang='lat' dir='ltr'><strong>donem</strong></span> <span class='ocrx_word' id='word_1_164' title='bbox 686 3985 754 4035; x_wconf 88' lang='lat' dir='ltr'><strong>non</strong></span> <span class='ocrx_word' id='word_1_165' title='bbox 780 3963 1241 4046; x_wconf 70' lang='lat' dir='ltr'><strong>singularumlprovinciutum</strong></span> <span class='ocrx_word' id='word_1_166' title='bbox 1275 3977 1383 4026; x_wconf 83' lang='lat' dir='ltr'><strong>curum</strong></span> <span class='ocrx_word' id='word_1_167' title='bbox 1405 3976 1498 4042; x_wconf 81' lang='lat' dir='ltr'><strong>ogere</strong></span> 
     </span>
    </p>
   </div>
   <div class='ocr_carea' id='block_1_5' title="bbox 1435 4102 1497 4170">
    <p class='ocr_par' dir='ltr' id='par_1_5' title="bbox 1435 4102 1497 4170">
     <span class='ocr_line' id='line_1_27' title="bbox 1435 4102 1497 4170; baseline 0 0"><span class='ocrx_word' id='word_1_168' title='bbox 1435 4102 1497 4170; x_wconf 78' lang='lat'><strong>1²⁰·</strong></span> 
     </span>
    </p>
   </div>
   <div class='ocr_carea' id='block_1_6' title="bbox 528 4297 1118 4476">
    <p class='ocr_par' dir='ltr' id='par_1_6' title="bbox 528 4297 1118 4476">
     <span class='ocr_line' id='line_1_28' title="bbox 528 4297 1115 4386; baseline -0.02 -26"><span class='ocrx_word' id='word_1_169' title='bbox 528 4353 531 4360; x_wconf 94' lang='grc'><em>,</em></span> <span class='ocrx_word' id='word_1_170' title='bbox 565 4298 658 4386; x_wconf 66' lang='lat' dir='ltr'><strong>(tos)</strong></span> <span class='ocrx_word' id='word_1_171' title='bbox 674 4297 734 4355; x_wconf 79' lang='lat' dir='ltr'><strong>vid.</strong></span> <span class='ocrx_word' id='word_1_172' title='bbox 756 4309 839 4364; x_wconf 77' lang='grc' dir='ltr'><strong>ιοι,</strong></span> <span class='ocrx_word' id='word_1_173' title='bbox 856 4299 914 4353; x_wconf 74' lang='lat' dir='ltr'><strong>Lib·</strong></span> <span class='ocrx_word' id='word_1_174' title='bbox 929 4298 984 4352; x_wconf 81' lang='lat' dir='ltr'><strong>xtt.</strong></span> <span class='ocrx_word' id='word_1_175' title='bbox 1003 4300 1057 4364; x_wconf 62' lang='lat' dir='ltr'><strong>tol.</strong></span> <span class='ocrx_word' id='word_1_176' title='bbox 1072 4311 1115 4364; x_wconf 81' lang='grc' dir='ltr'><strong>4ο.</strong></span> 
     </span>
     <span class='ocr_line' id='line_1_29' title="bbox 1032 4391 1118 4476; baseline -0.012 1"><span class='ocrx_word' id='word_1_177' title='bbox 1032 4391 1073 4460; x_wconf 84' lang='lat' dir='ltr'>M</span> <span class='ocrx_word' id='word_1_178' title='bbox 1097 4409 1118 4476; x_wconf 82' lang='lat' dir='ltr'><strong>s</strong></span> 
     </span>
    </p>
   </div>
   <div class='ocr_carea' id='block_1_7' title="bbox 0 0 2354 6324">
    <p class='ocr_par' dir='ltr' id='par_1_7' title="bbox 0 0 2354 6324">
     <span class='ocr_line' id='line_1_30' title="bbox 0 0 2354 6324; baseline 0 3"><span class='ocrx_word' id='word_1_179' title='bbox 0 0 2354 6324; x_wconf 95' lang='lat' dir='ltr'><strong> </strong></span> 
     </span>
    </p>
   </div>
  </div>
 </body>
</html>
