4656 6318
1362 933 1425 1002 ¹45

456 1075 554 1145 modi
579 1091 647 1158 eet,
681 1091 718 1143 ut
752 1078 916 1146 mandator
940 1088 993 1150 vel
1024 1089 1158 1172 proprio
1184 1103 1344 1158 consensu
1367 1099 1421 1160 uei

452 1201 493 1268 *vi
513 1215 642 1270 coactus
660 1221 694 1266 se
720 1204 827 1288 ipsum
843 1210 1026 1275 mandatarii
1039 1217 1198 1296 potestati
1217 1219 1392 1288 submittit.

508 1323 558 1392 2⁰.
594 1325 758 1410 Tempore
785 1331 927 1398 Cruour
950 1337 980 1400 V
999 1338 1118 1404 creatio
1148 1361 1216 1409 non
1235 1345 1331 1413 fiebat
1347 1368 1419 1415 mu·

452 1462 520 1514 ’tuo
541 1461 635 1544 pugio
662 1466 694 1516 et
717 1472 878 1523 consensu
895 1457 1011 1544 ‚sicut
1037 1459 1120 1526 inter
1140 1467 1299 1534 Comitem
1320 1474 1417 1540 Leu-

449 1592 651 1641 nesrsruru
689 1595 721 1643 et
748 1579 888 1644 Ordines
919 1580 1093 1651 Generaies
1117 1588 1150 1654 d.
1185 1592 1327 1660 1'Febr.
1357 1591 1413 1666 ab.

455 1703 560 1783 1586.
599 1704 773 1769 ‘Cinorus
797 1699 973 1780 Imperator
993 1707 1105 1788 agebat
1135 1729 1194 1793 pro
1214 1734 1336 1784 summa
1364 1729 1422 1788 sua

452 1839 620 1908 ‘potestate
649 1827 683 1892 in
705 1825 887 1891 subditum.
931 1825 1010 1893 Non
1028 1830 1205 1914 Imperator
1228 1837 1267 1904 eb
1286 1859 1366 1923 una,
1390 1857 1423 1908 et

455 1950 500 2014 ab
525 1948 584 2014 illo
609 1952 731 2016 electus
757 1950 964 2016 Gubernator
990 1953 1029 2017 ab
1063 1957 1161 2022 altera
1186 1974 1277 2040 parte
1306 1979 1418 2030 mutuo

451 2069 665 2152 iureiurando
702 2093 738 2139 se
766 2074 1043 2158 obstringebant,
1078 2095 1114 2146 ut
1142 2083 1254 2154 initum
1291 2109 1420 2175 pactum

458 2195 691 2276 observarent,
725 2197 774 2261 uti
803 2217 889 2264 nuuc
922 2198 1059 2264 eccidit:
1107 2203 1196 2288 Zyne
1225 2211 1423 2281 Excellenrt‘a

456 2320 509 2384 tal
523 2316 583 2382 den
602 2317 659 2382 ced
684 2317 859 2400 behoorlyck
886 2317 988 2401 doen,
1012 2343 1050 2386 en
1072 2324 1111 2390 de
1137 2331 1248 2428 Statori
1265 2341 1365 2408 tollen
1381 2348 1419 2408 in

452 2465 552 2510 naam
578 2463 641 2510 ran
666 2444 750 2507 allen
776 2440 814 2505 de
832 2446 1017 2526 proriucicn
1038 2482 1081 2498 -
1102 2449 1191 2532 Zyne
1220 2457 1416 2532 Excutiam

456 2566 519 2632 den
535 2565 603 2631 cedi
622 2587 686 2632 ran
699 2565 908 2650 gerromrbeyt
923 2564 1012 2632 doen.

504 2693 539 2759 Si
564 2712 638 2759 vera
658 2690 797 2758 fuissent
819 2707 975 2772 responsa
1007 2691 1163 2766 Ordinum
1182 2701 1415 2791 Gennadium,

437 2818 577 2900 ·procui
603 2815 703 2880 dubio
733 2797 854 2879 Comes
876 2799 1141 2887 Leucesrrtrus
1169 2847 1204 2893 se
1235 2827 1417 2897 Ordinibus

451 2940 634 3007 obnoxium
662 2959 732 3005 esse
763 2937 933 3006 confessus
959 2959 1063 3029 esset3
1083 2965 1173 3016 nunc
1189 2962 1301 3018 contra
1317 2953 1345 3018 si
1365 2953 1416 3022 in·

456 3064 612 3146 spicimus
636 3066 735 3132 verba
759 3064 989 3150 jurisjurandi,
1021 3088 1178 3155 apparet,
1208 3077 1372 3150 Comitem
1397 3104 1417 3152 e

454 3190 583 3256 nemine
600 3209 635 3256 se
662 3193 836 3259 secundum
850 3192 1027 3276 habuisse,
1048 3195 1112 3263 nisi
1137 3217 1156 3263 a
1179 3199 1328 3286 Regina,
1361 3209 1415 3274 cui

458 3328 545 3378 esset
569 3314 757 3399 subjectus,
786 3313 960 3380 -belroudcnr
990 3315 1029 3381 de
1054 3315 1234 3402 behoorlyke
1258 3327 1355 3393 balde
1376 3345 1416 3396 en

356 3499 366 3521 ,
457 3449 574 3500 trouve
589 3455 656 3501 arm
670 3433 709 3501 de
726 3437 926 3521 Konirrginne
952 3458 1016 3505 ran
1042 3441 1230 3530 Engelandt
1247 3471 1319 3517 unse
1337 3455 1416 3521 Suu·

455 3563 580 3624 verrius
595 3561 769 3631 Prinoessa.
839 3605 842 3610 ,

499 3683 626 3770 Quodsi
660 3689 757 3754 verbt
789 3692 979 3774 stropium,
1021 3693 1141 3773 quibus
1173 3700 1417 3782 alloquebantur

453 3809 619 3876 Comitem
639 3808 800 3894 Ordines,
823 3815 1026 3882 conferamus
1062 3837 1135 3883 cum
1153 3820 1328 3904 imperioso
1351 3829 1419 3892 Co-

456 3933 546 3998 mitis
574 3951 752 4013 responso,
775 3935 831 4001 vix
853 3935 990 4018 amplius
1014 3939 1153 4006 dubitari
1181 3959 1314 4026 potest,
1338 3950 1418 4028 quin
1519 3969 1522 3978 ’

459 4059 580 4124 nullam
605 4071 801 4136 eotempore
820 4053 991 4127 habuerint
1018 4065 1157 4132 Ordines
1184 4069 1418 4140 auctoritatem.

457 4143 573 4246 Deorl.
590 4175 745 4262 Hooggeb.
763 4177 793 4239 F
792 4193 874 4254 urst·
901 4187 1060 4273 genadige
1085 4192 1194 4272 Herr;
1215 4209 1258 4272 try
1274 4191 1421 4278 garinim

453 4321 513 4367 eor
534 4299 781 4388 ondcrdaniglyk
798 4319 851 4373 ten
869 4306 987 4375 diensis
1001 4331 1066 4378 ran
1091 4315 1124 4380 U
1139 4315 1340 4400 Fortiorem
1362 4315 1424 4384 Ge·

976 4431 1008 4499 Τ
1359 4463 1419 4508 oa·
