4700 6324
956 817 1067 877 ξ
1443 836 1490 908 ⁷⁹

513 1001 618 1069 blicne
660 998 840 1065 eommodb
888 1017 1137 1083 cognoscerent.

559 1125 606 1196 Et
633 1141 720 1190 nunc
748 1121 874 1204 quidem
903 1125 1077 1208 tenebrae,
1105 1124 1226 1208 quibus
1254 1125 1373 1192 horum
1401 1139 1482 1194 tem·

516 1271 632 1341 porum
659 1246 793 1316 historia
822 1248 975 1317 obvoluta
1000 1267 1089 1334 erat,
1113 1251 1231 1320 sensim
1259 1266 1478 1333 evanescunt,

514 1393 547 1443 ct
578 1393 640 1444 nos
670 1373 703 1442 in
726 1374 893 1442 clariorem
916 1377 1020 1442 lucem
1048 1377 1236 1459 prodimus,
1260 1378 1339 1446 adeo
1365 1392 1402 1444 ut
1429 1378 1479 1462 ip·

513 1523 565 1571 sss
601 1521 652 1568 res
680 1501 862 1568 accuratius
891 1501 1053 1586 dispicere
1092 1519 1129 1567 ac
1164 1499 1337 1585 dijudicare
1373 1500 1482 1585 possi-

512 1619 598 1696 musss
784 1713 792 1726 Ι

555 1756 755 1822 immutatam
793 1749 897 1819 fuisse
932 1763 1033 1818 totam
1071 1749 1232 1820 ordinum
1270 1753 1480 1822 Generalium

514 1883 694 1962 rationem,
722 1879 878 1962 ipsosque
908 1896 998 1946 nunc
1023 1865 1116 1964 leges
1139 1879 1224 1949 ferre
1249 1876 1398 1960 potuisse
1427 1875 1481 1942 vi·

513 2015 625 2081 demus
647 2027 686 2076 ex
712 2003 857 2072 articulis
876 2003 964 2086 pacis
988 2002 1225 2072 Grndnvensis.
1270 2003 1371 2070 Nunc
1394 2000 1479 2070 eninr

512 2135 648 2220 proprio
672 2146 771 2200 marte
786 2145 952 2209 statuunt,
977 2147 1060 2210 quae
1082 2144 1208 2194 antean
1233 2143 1358 2190 summo
1376 2124 1481 2206 impe·

511 2269 600 2328 rante
621 2260 787 2338 solo,ch
814 2256 922 2324 audito
940 2272 1052 2321 eorum
1074 2248 1240 2328 considio,
1262 2245 1502 2338 decerneban-¹
1533 2335 1538 2344 .

509 2403 577 2455 rur.
619 2387 677 2472 Jus
694 2385 781 2468 leges
800 2379 946 2461 ferendi,
973 2378 1063 2460 quod
1082 2388 1176 2442 antea
1203 2372 1281 2440 Dux
1302 2371 1483 2442 Annnuus

513 2523 696 2577 exercuerat
718 2507 850 2574 nomine
875 2507 1064 2578 Purnnrrr,
1095 2516 1183 2569 nunc
1209 2496 1391 2566 Ordinibus
1420 2495 1480 2562 tri·

510 2633 648 2714 buitur,
669 2650 738 2697 non
755 2635 862 2698 solum
880 2629 914 2697 in
941 2622 1130 2710 quaestione
1145 2621 1186 2686 de
1210 2622 1399 2688 criminibus
1421 2624 1480 2690 sed

512 2761 547 2828 in
584 2759 695 2841 quavis
723 2777 757 2823 re
794 2776 874 2839 quae
905 2758 1040 2821 salutem
1067 2746 1228 2832 publicum
1256 2759 1420 2829 tangeret,
1442 2752 1481 2816 in

511 2885 551 2953 dc
576 2883 703 2948 sacckco
727 2899 793 2948 ναη
811 2881 873 2948 den
898 2877 1045 2945 lundein
1069 2879 1122 2942 het
1134 2873 1290 2960 generor!
1306 2870 1382 2936 ende
1393 2886 1476 2958 par·

510 3013 663 3091 ticulicr,
695 3027 820 3092 eosque
857 3005 989 3072 omnino
1018 3015 1094 3086 post
1124 3014 1253 3084 pactum
1282 2995 1479 3066 Gandavco·

508 3155 545 3204 se
573 3133 836 3201 Gubernatorunn
862 3135 938 3199 ioco
964 3127 1091 3206 fuisse,
1115 3122 1193 3190 satis
1219 3122 1359 3192 declaret
1385 3125 1474 3194 edie-

509 3279 579 3330 num
609 3261 712 3339 illud,
741 3261 776 3325 in
817 3275 906 3338 quo,
941 3246 1155 3336 promulgatis
1193 3245 1336 3316 foederis
1361 3248 1476 3314 condi·

509 3388 678 3466 tionibus,
709 3381 825 3448 incolis
857 3373 1052 3444 Houandiae
1081 3384 1113 3436 et
1140 3369 1314 3438 Zeinndiee
1336 3371 1475 3455 impera-

509 3514 634 3592 batur,
684 3520 721 3573 ut
766 3504 861 3589 hujus
905 3498 1048 3575 foederis
1090 3498 1219 3583 legibus
1272 3499 1478 3583 obtempero

512 3653 584 3706 rent
606 3633 721 3721 (85).

548 3745 660 3852 Quum
688 3779 730 3826 eo
758 3760 833 3825 loco
862 3771 914 3821 res
943 3761 1077 3830 urent,
1108 3743 1199 3814 bcevi
1226 3763 1304 3830 post
1329 3746 1476 3814 Ordines

1408 3869 1482 3936 Ge·

543 4098 618 4166 (bs)
640 4094 833 4151 accerserunt
852 4089 947 4141 verbu:
972 4085 1032 4134 ende
1053 4096 1105 4134 m
1130 4086 1226 4136 brusele
1249 4082 1321 4129 elien
1340 4095 1389 4130 ran
1411 4083 1480 4143 Syn.

510 4196 556 4246 δον
576 4191 722 4248 Maiorque
743 4183 803 4232 onds
825 4193 874 4229 uun
894 4178 924 4226 de
949 4175 1121 4226 rrorscbrovrn
1143 4174 1264 4224 Generrle
1280 4175 1368 4221 Stetere
1389 4186 1476 4236 ”W

509 4285 535 4334 'r
550 4282 648 4346 goberto
669 4273 790 4324 inbcudon
815 4286 863 4322 ran
880 4270 977 4344 reulus
992 4265 1144 4330 pacificatis
1165 4276 1191 4318 re
1211 4267 1379 4322 observentur.
1409 4265 1475 4318 vu.

510 4375 596 4428 m.
614 4383 663 4422 um
680 4367 752 4422 Boii.
769 4369 802 4420 nd
817 4363 940 4414 ruinas.
956 4361 1026 4426 1576·
