4654 6338
871 834 900 910 ς
1304 825 1426 890 Ε

883 1017 1028 1088 Comitia
1048 1031 1133 1084 uero
1150 1029 1278 1097 semper
1297 1013 1453 1082 bibisse
1468 1014 1581 1085 etantit
1598 1016 1748 1090 Doctise.
1768 1038 1846 1094 vara

887 1165 1011 1228 boort,
1034 1145 1117 1214 hane
1144 1142 1186 1208 ob
1206 1133 1359 1223 causam,
1385 1144 1475 1223 quod
1498 1165 1519 1212 a
1545 1145 1657 1244 primis
1676 1146 1750 1215 inde
1766 1163 1848 1218 ten·

886 1268 1025 1354 poribus
1045 1287 1135 1355 reges
1154 1271 1328 1355 Frmeiae,
1343 1271 1605 1356 Germaniaeque
1620 1273 1848 1362 lmpemoree,
1966 1347 1970 1354 ,

884 1397 1028 1468 consilio
1055 1399 1227 1467 utebantur
1248 1399 1406 1468 nobilium
1426 1401 1655 1485 quorundam,
1683 1417 1738 1469 aut
1765 1403 1853 1472 dele·

885 1541 1032 1614 gatorum
1056 1527 1184 1594 urbium
1205 1545 1506 1614 congregatorum,
1541 1529 1560 1612 (
1571 1527 1642 1594 eive
1668 1547 1754 1596 nune
1775 1529 1850 1598 illae

882 1665 1072 1720 conventus
1096 1650 1337 1735 comitiorum,
1369 1651 1439 1719 sive
1453 1650 1517 1718 alio
1538 1648 1669 1718 nomine
1683 1665 1855 1734 nuncupe-
1938 1688 1944 1704 ·

889 1777 1009 1861 ntus.)
1050 1777 1201 1863 Quorum
1218 1782 1399 1862 exemplum
1417 1777 1577 1862 imprimis
1601 1793 1728 1860 semper
1751 1775 1855 1844 secuti

891 1919 970 1972 stunt
987 1903 1059 1983 till,
1079 1901 1136 1986 qui
1152 1919 1212 1988 per
1231 1908 1319 1975 varia
1329 1921 1475 1992 tempora
1493 1921 1634 1974 noemam
1650 1901 1783 1990 panum
1794 1922 1857 1988 gu·

887 2031 1089 2116 bernarunt3
1121 2037 1220 2101 altera
1235 2035 1344 2114 ratio,
1372 2053 1435 2115 qua
1456 2031 1522 2100 riri
1537 2031 1719 2100 doctissimi
1735 2031 1856 2100 nititur

891 2152 1079 2234 sententia,
1098 2154 1179 2218 haec
1208 2169 1277 2221 este
1298 2157 1393 2237 quod
1418 2173 1491 2221 cum
1515 2155 1557 2220 ab
1586 2155 1674 2220 omni
1700 2173 1781 2222 aevo
1804 2156 1857 2230 hic

892 2277 1057 2346 adfuerint
1078 2277 1245 2365 Nobiles,
1268 2282 1326 2367 qui
1348 2283 1533 2376 comitibus
1553 2295 1612 2350 nee
1630 2278 1775 2362 potentia
1795 2295 1857 2346 nee

893 2402 1049 2488 dignitate
1079 2403 1255 2489 cederent,
1288 2405 1457 2490 probabile
1482 2407 1633 2492 videtur,
1665 2409 1707 2473 ad
1726 2404 1857 2474 illorum

891 2528 1027 2614 gratiam
1050 2531 1267 2616 eaptandam,
1299 2550 1399 2615 quum
1419 2533 1492 2619 jura
1514 2529 1709 2618 majestatica
1732 2549 1860 2602 exerce·

775 2702 780 2709 -
898 2669 934 2724 te
954 2658 1145 2744 coepissent
1164 2658 1343 2742 Comites,
1366 2659 1442 2728 illos
1468 2659 1671 2729 consuluisse
1698 2657 1861 2742 variisque

896 2782 1003 2851 modis
1034 2785 1160 2856 honore
1195 2785 1318 2857 afficere
1354 2787 1529 2856 studuisse.
1585 2787 1674 2856 Haec
1698 2788 1801 2872 prima
1823 2805 1860 2856 ac

898 2930 975 2980 vera
1002 2911 1221 2980 Comitioeum
1248 2911 1341 2994 origo
1369 2908 1475 2976 inisse
1500 2911 1654 2993 videtur,
1687 2928 1760 2976 cum
1791 2927 1861 2978 sae·

891 3006 976 3104 eum
1004 3051 1129 3104 mutum
1152 3036 1284 3104 ineunte
1310 3027 1434 3102 doeimo
1456 3033 1572 3117 quinto
1591 3035 1732 3119 primum
1748 3053 1866 3102 occur·
1926 3019 1930 3026 ¹

895 3175 947 3228 rat
966 3175 1085 3229 nomen
1111 3159 1227 3228 Statcn
1261 3157 1377 3247 (¹3)··
1423 3157 1476 3227 Ex
1496 3157 1577 3228 eolis
1603 3177 1709 3229 autern
1735 3162 1867 3248 Nobili·

902 3281 965 3351 bus
987 3299 1046 3352 seu
1062 3279 1229 3354 Militibus
1245 3285 1336 3353 hisee
1359 3283 1614 3371 inregionibus,
1643 3288 1692 3358 uti
1715 3291 1749 3360 in
1765 3291 1865 3360 Fran·

902 3416 974 3499 cia,
993 3413 1074 3484 olim
1089 3417 1169 3484 baec
1189 3411 1330 3486 Comitia
1348 3413 1534 3484 constitisse
1552 3429 1675 3482 certum
1694 3429 1744 3483 est
1758 3401 1863 3501 (1432

901 3540 980 3622 quia
1015 3559 1033 3605 a
1064 3543 1157 3606 nullo
1190 3552 1324 3603 auctore
1347 3553 1564 3620 memoratur,
1598 3555 1675 3606 ante
1701 3545 1865 3610 saeculum

904 3660 985 3734 ΚΝ
1008 3661 1104 3732 urbes
1119 3664 1165 3732 ad
1184 3663 1262 3730 haec
1283 3663 1428 3732 Comitia
1455 3677 1632 3731 convocata
1659 3663 1773 3733 luisse.

946 3785 1129 3876 Quomodo
1173 3786 1240 3857 illis
1273 3787 1422 3873 antiquis
1455 3787 1663 3874 temporibus
1697 3785 1869 3857 Nobilium

1775 3929 1870 3982 Com·

937 4125 1010 4191 (ts)
1024 4127 1085 4182 vid.
1097 4139 1128 4182 o.
1144 4138 1214 4181 vere
1229 4139 1451 4184 troarno„
1473 4129 1529 4186 vlr.
1551 4123 1644 4182 Coun.
1663 4141 1690 4182 et
1711 4128 1828 4184 dulciss.
1844 4129 1871 4184 l·

906 4215 984 4280 Dian.
1007 4219 1081 4272 Polite
1106 4221 1221 4279 ineam.
1244 4219 1286 4267 lle
1311 4217 1470 4270 Gellelnll.
1491 4217 1596 4276 furtim
1617 4217 1646 4266 su
1667 4219 1787 4268 nahae
1801 4217 1869 4276 Hel.

902 4325 934 4378 ρ.
953 4321 999 4373 ¹9·
1015 4321 1055 4362 ao.
1072 4313 1151 4372 bned.
1168 4307 1220 4362 bat.
1239 4311 1310 4362 lita.

902 4391 907 4398 ’
935 4399 1013 4469 (14)
1026 4398 1088 4454 lle.
1106 4411 1176 4454 vaes
1198 4411 1301 4455 eoois.
1320 4395 1417 4451 Arausa
1432 4409 1487 4464 αι.
1505 4405 1555 4449 nu
1569 4391 1665 4454 berar.
1683 4413 1712 4468 p.
1726 4411 1771 4467 ⁴1·
