4654 6338
890 879 1440 1003 siva

893 1097 1065 1166 utilitatem
1085 1093 1303 1180 pertinentia,
1325 1108 1358 1158 et
1377 1089 1466 1158 audit
1483 1090 1642 1158 Ordinum
1663 1089 1859 1178 consilium,

895 1225 953 1294 sed
972 1220 1090 1290 nullibi
1114 1193 1246 1304 apparet
1268 1216 1392 1300 aliquas
1423 1220 1617 1288 mutationes
1644 1216 1786 1286 subiisse
1811 1221 1865 1290 illa

898 1351 1023 1416 decreta
1052 1349 1229 1416 secundum
1265 1343 1558 1412 animadversiones
1586 1342 1775 1431 ordinum,
1809 1361 1865 1415 aut

900 1475 1043 1540 Ordines
1066 1473 1244 1542 Generales
1261 1468 1400 1550 aliquam
1422 1487 1487 1534 rem
1507 1472 1562 1537 vel
1579 1471 1711 1554 propria
1729 1471 1868 1538 auctori·

899 1615 964 1668 tate
982 1600 1036 1665 vel
1051 1615 1123 1662 cum
1146 1596 1343 1678 Imperatore
1370 1593 1545 1676 peregisse.
1592 1594 1683 1678 Quin
1703 1595 1769 1662 imo
1792 1596 1864 1664 Ca·

900 1743 1047 1806 aouus,
1071 1743 1145 1790 cum
1163 1723 1197 1790 in
1216 1719 1419 1788 Germaniam
1443 1719 1570 1800 abiret,
1604 1717 1771 1800 pollicitus
1799 1734 1869 1800 est,

900 1849 1056 1932 quosdam
1073 1865 1111 1912 se
1137 1845 1283 1930 Reginae
1301 1845 1391 1915 viros
1420 1846 1625 1916 consiliarios
1645 1847 1869 1930 adiuncturum

898 1974 934 2042 in
952 1973 1228 2042 administratione
1255 1976 1419 2056 civitatis,
1456 1971 1595 2040 Ordines
1616 1990 1657 2038 ne
1678 1970 1872 2038 electionem

902 2099 1031 2179 quidem
1057 2099 1174 2163 horum
1200 2103 1350 2166 virorum
1381 2113 1597 2166 curaverunt:
1633 2097 1740 2178 itaque
1770 2111 1875 2164 muta·

901 2223 1009 2292 tiones
1026 2239 1108 2302 quae
1128 2220 1162 2286 in
1189 2221 1290 2288 Curia
1317 2221 1508 2288 Hollandiae
1538 2222 1618 2303 (het
1637 2217 1699 2300 hof
1707 2236 1772 2283 ran
1793 2217 1874 2282 Hal·

895 2347 993 2417 lande
1004 2357 1021 2432 )
1046 2365 1086 2412 eo
1109 2361 1256 2428 tempore
1283 2348 1391 2412 locum
1410 2347 1617 2425 habuerunt,
1642 2358 1674 2408 et
1691 2347 1792 2430 major
1811 2363 1873 2428 po·

902 2477 1027 2559 tentia,
1053 2493 1135 2558 quae
1160 2468 1206 2536 illi
1232 2467 1352 2537 Curiae
1375 2489 1529 2538 concessa
1550 2485 1623 2554 est,
1647 2489 1760 2540 omnes
1781 2489 1873 2542 actus

901 2619 1007 2684 sunt,
1030 2601 1087 2684 qui
1105 2599 1168 2666 soli
1184 2595 1328 2680 Principi
1345 2596 1506 2665 tribuendi
1524 2610 1600 2664 sunt
1617 2595 1730 2680 (17).

945 2727 1002 2793 Ab
1028 2745 1069 2792 eo
1097 2727 1171 2792 inde
1193 2693 1339 2805 ternpore
1367 2723 1425 2788 diu
1451 2741 1520 2788 non
1546 2722 1720 2788 convocati
1742 2721 1876 2808 fuemus

901 2849 1044 2916 Ordines
1065 2847 1273 2927 Generales,
1309 2849 1384 2930 quia
1409 2863 1537 2916 constat
1570 2848 1711 2918 Ordines
1737 2849 1875 2922 Hollau·

902 2974 994 3058 diae,
1016 2986 1094 3058 post
1119 2972 1238 3052 merus
1257 2984 1289 3034 et
1304 2972 1326 3036 6
1340 2969 1432 3036 Nov.
1453 2991 1542 3040 anno
1562 2989 1672 3056 1533,
1700 2977 1794 3043 etiam
1803 2997 1875 3048 non

904 3095 1125 3177 conamisse,
1147 3107 1315 3174 antequam
1335 3091 1474 3164 Ordines
1489 3101 1677 3184 generales,
1696 3099 1748 3166 die
1768 3097 1876 3186 8Julii

906 3245 1017 3312 ¹534,
1034 3219 1245 3290 mechliniam
1265 3218 1477 3288 convenirent
1493 3222 1609 3308 (18).

944 3348 1169 3418 Gubernatrix
1190 3364 1263 3410 cum
1284 3347 1348 3413 huc
1367 3348 1513 3415 venisset
1530 3349 1717 3432 Bruxellis,
1745 3354 1878 3424 timebat

907 3497 952 3544 ne
969 3477 1089 3542 bellum
1119 3488 1232 3540 contra
1260 3473 1382 3544 Gallos
1413 3476 1586 3562 gerendum
1614 3493 1722 3562 esset,
1744 3495 1778 3548 et
1796 3483 1877 3552 hauc

906 3598 953 3666 ob
973 3615 1099 3664 causam
1123 3598 1333 3682 probabiliter
1348 3598 1493 3666 subsidia
1516 3601 1555 3666 ab
1572 3602 1752 3674 Ordinibus
1768 3619 1879 3690 petere

1817 3751 1878 3800 VO·

939 3879 1012 3948 (rr)
1031 3881 1090 3934 Vld.
1115 3893 1254 3935 mansu.
1271 3879 1372 3936 Hister.
1389 3883 1516 3952 Patria,
1532 3887 1607 3938 Tora.
1622 3889 1655 3942 v.
1676 3905 1703 3955 p.
1722 3899 1753 3948 ro
1764 3901 1793 3941 et
1805 3902 1878 3954 mnu.

937 3973 1093 4040 (rs)vld.
1124 3987 1192 4025 vara
1222 3987 1291 4026 naa
1323 3987 1431 4038 soar,
1461 3978 1538 4030 ml.
1568 3994 1597 4042 p.
1617 3992 1674 4039 aar.
1713 3993 1878 4034 wuorma-

905 4077 941 4118 ιι
954 4077 990 4118 ua
1014 4077 1098 4116 narrat
1118 4068 1190 4130 ptam
1214 4069 1298 4119 aduae
1311 4065 1395 4120 habita
1405 4068 1483 4120 fialae
1497 4073 1625 4135 comitia,
1642 4073 1718 4123 inltlo
1731 4074 1790 4124 anni
1805 4085 1876 4136 aspa,

908 4157 937 4206 in
957 4169 1011 4216 quo
1037 4167 1121 4206 tamen
1140 4159 1250 4216 aravlter
1273 4160 1400 4210 erravisse
1425 4162 1499 4210 noble
1522 4163 1640 4224 videm,
1656 4178 1733 4226 qaum
1755 4164 1876 4217 lutilatio

906 4245 1035 4296 Advocati
1065 4258 1132 4296 vara
1157 4260 1222 4300 naa
1250 4258 1336 4300 oon
1356 4250 1423 4311 lprla
1452 4252 1537 4302 rerbla
1565 4252 1680 4316 ditatur,
1703 4254 1761 4300 lter
1780 4266 1812 4301 en
1832 4267 1876 4315 ¹5·

905 4346 967 4393 ‘een
982 4332 1149 4381 dardvumn
1173 4339 1201 4384 iae
1222 4339 1294 4400 lange
1314 4348 1436 4400 verere,
1459 4338 1564 4389 Caram
1585 4343 1667 4390 vedrita
1690 4353 1728 4392 tor
1749 4345 1876 4396 Merme

907 4437 956 4474 aare
970 4425 1036 4472 allen
1050 4425 1099 4474 datr
1114 4425 1215 4479 laadan
1235 4430 1445 4480 leniturum
1460 4432 1545 4493 walp
1559 4445 1623 4481 eene
1641 4447 1714 4496 ¹5³4·
