4654 6338
1116 832 1141 846 ’Π

889 868 928 930 ‘u
1318 901 1446 932 m

900 1079 1071 1153 comfort
1100 1077 1292 1172 sperabam:
1327 1079 1390 1148 etsi
1412 1075 1504 1151 enim
1530 1077 1608 1154 satis
1642 1083 1779 1181 cognita
1802 1105 1859 1160 est·

901 1275 1021 1326 eorum
1056 1253 1195 1327 historia
1227 1274 1269 1324 ex
1309 1272 1486 1328 auctorum
1523 1276 1714 1332 nostrorum
1743 1264 1856 1355 opeti-

901 1429 989 1516 bus,
1024 1428 1193 1500 bitumen
1218 1429 1417 1500 videbantur
1439 1435 1579 1526 originis
1609 1435 1855 1531 indagationem

899 1603 1074 1694 omisisse,
1107 1622 1269 1694 suamque
1305 1605 1528 1674 narrationem
1563 1605 1605 1674 ab
1639 1610 1688 1676 eis
1720 1609 1855 1682 demunt

899 1775 1110 1867 temporibus
1130 1777 1199 1846 orsi
1226 1779 1322 1862 osse,
1355 1777 1480 1870 quibus
1507 1761 1657 1850 Ordines·
1672 1779 1858 1854 Generales

895 1951 1021 2044 jamin
1047 1971 1185 2023 coetum
1212 1952 1411 2046 congregari
1435 1950 1601 2025 solebant.
1648 1953 1768 2047 ltaque
1789 1974 1856 2026 san·

898 2122 948 2191 tui
974 2121 1018 2192 ad
1042 2124 1135 2212 ipsos
1168 2123 1281 2194 fontes
1302 2140 1357 2188 me
1382 2120 1561 2206 conferre,
1596 2127 1638 2196 ad
1659 2148 1754 2218 quoav
1776 2151 1860 2199 cum

900 2293 1116 2368 minitatus
1148 2316 1280 2390 pateret
1308 2293 1434 2387 insign
1467 2251 1673 2370 liberalium
1700 2299 1856 2372 emuna·

900 2473 975 2543 aitni
1007 2471 1104 2544 Senis
1127 2493 1201 2544 vau
1226 2471 1350 2566 Wusu,
1392 2472 1554 2544 anecdota
1583 2471 1750 2547 Ordinutn
1785 2455 1863 2546 Ge*

897 2647 1060 2723 toralium
1108 2647 1243 2720 decreta
1282 2645 1476 2719 authentica
1522 2647 1694 2743 pert-oluit
1759 2645 1862 2722 Ecce

896 2841 1007 2902 autent
1044 2824 1208 2898 subortae
1240 2821 1323 2892 mihi
1363 2839 1440 2892 sunt
1473 2819 1710 2898 difficultates:
1747 2825 1862 2917 primu

898 2997 988 3074 enirn
1012 2990 1180 3098 Ominum
1202 2989 1422 3066 Generaliust
1447 2995 1583 3066 detrun
1597 2993 1862 3086 interciderunt3

903 3189 989 3262 quae
1024 3189 1202 3268 supersunt
1245 3170 1383 3242 initium
1428 3169 1561 3242 ducunt·
1589 3191 1613 3240 u
1650 3171 1862 3266 temporibus

902 3342 1012 3440 inulto
1040 3346 1288 3438 posterioribus
1306 3343 1398 3436 illis,
1423 3367 1569 3440 qustum
1590 3346 1764 3418 historiam
1780 3365 1861 3416 nos·

905 3518 948 3586 tri
972 3519 1153 3608 scriptores
1176 3503 1433 3592 contexuerunt.
1483 3518 1601 3610 ltaque
1622 3523 1665 3590 ab
1688 3519 1762 3588 aliis
1779 3539 1859 3590 auc·

907 3688 1038 3761 toribus
1058 3689 1222 3764 auxilium
1235 3692 1420 3786 petendum
1432 3709 1522 3762 erat:
1543 3690 1721 3786 inquibus
1743 3695 1860 3785 primo

809 3852 816 3868 ’
905 3869 988 3942 loco
1004 3867 1178 3940 eratndv.
1194 3865 1240 3938 Ο.
1253 3864 1300 3940 0.
1321 3865 1417 3940 Hoil.
1436 3889 1511 3942 vau
1528 3889 1601 3942 usn
1621 3867 1743 3953 coss,
1761 3865 1863 3960 cujus

906 4045 1047 4140 quidem
1085 4045 1192 4116 diario
1227 4045 1462 4132 continentur,
1506 4065 1593 4142 quae
1626 4049 1661 4118 in
1692 4043 1862 4118 Ordinunt

905 4215 1106 4291 Hollrndiae
1131 4236 1301 4290 conventu
1328 4237 1403 4333 req
1423 4237 1526 4293 erant.
1574 4217 1644 4292 Hic
1674 4219 1781 4306 liber,
1815 4217 1859 4290 li·

1805 4410 1862 4463 cet
