4656 6318
892 837 955 910 ,τη
1309 811 1428 874 Ε

884 1013 958 1076 tet,
976 992 1232 1092 Gubernatorem
1249 1009 1345 1070 mox,
1356 991 1474 1056 auditis
1492 991 1860 1065 OrdinibusGeneraIiae

893 1123 955 1186 bus
977 1137 1008 1186 et
1035 1119 1194 1201 Concilio,
1220 1117 1324 1184 eiicto
1353 1117 1586 1202 prohibuisse,
1609 1138 1652 1187 ne
1680 1121 1857 1189 calumniae

893 1264 1119 1333 spargerentur
1140 1258 1252 1313 eontra
1273 1243 1427 1328 Reginam
1446 1244 1604 1328 tegnas,
1627 1243 1770 1312 Ordines
1787 1247 1856 1314 Ge·

891 1377 1038 1452 uocales,
1061 1369 1270 1451 Ordiacsque
1297 1369 1493 1455 singularum
1521 1370 1780 1456 provinciarum
1804 1369 1854 1438 fa·

891 1499 954 1566 silc
971 1497 1004 1565 io
1022 1514 1089 1560 eam
1106 1497 1268 1564 inducitur
1291 1497 1501 1582 opinionem,
1516 1497 1593 1564 illos
1610 1497 1646 1564 iu
1665 1512 1857 1580 perpetuum

888 1639 982 1692 arcto
1000 1623 1134 1694 vinculo
1153 1628 1347 1712 conjunctos
1368 1624 1486 1692 fuisse.
1849 1697 1853 1704 ,

935 1751 1018 1820 Non
1050 1751 1106 1824 diu
1135 1767 1213 1837 post
1245 1766 1355 1824 ,umen
1382 1751 1497 1818 iterum
1532 1745 1659 1814 Comes
1687 1746 1854 1816 Lsucsa·

892 1896 1006 1946 rarus
1030 1894 1063 1944 et
1088 1877 1227 1948 Ord'mes
1256 1877 1447 1948 Hollandiae
1474 1891 1507 1942 et
1524 1872 1716 1940 Zeelaudiae
1733 1871 1861 1940 diesen·

890 2002 985 2068 sione
1003 2021 1020 2068 a
1040 2022 1075 2069 se
1104 2003 1242 2074 inuicem
1265 2001 1393 2070 alienati
1418 2017 1514 2072 sunt:
1549 2000 1666 2066 horum
1690 1997 1799 2080 enim,
1820 2011 1859 2064 ut

892 2126 1040 2209 videtur,
1063 2127 1169 2194 minor
1185 2143 1253 2194 erat
1270 2145 1346 2212 erga
1359 2124 1521 2195 Comitem
1540 2125 1705 2190 voluntas.

935 2250 1022 2316 Hinc
1055 2253 1139 2318 enm
1172 2255 1241 2323 soie
1266 2251 1442 2322 necessitas
1479 2248 1671 2314 Hollaadiac
1698 2249 1857 2332 Orsines,

891 2371 950 2454 qui
979 2391 1123 2439 summos
1156 2391 1192 2438 se
1216 2371 1250 2440 in
1283 2395 1341 2444 sue
1369 2371 1538 2458 prouincia
1573 2369 1766 2453 imperantes
1787 2391 1860 2454 esse

892 2494 1082 2579 putabant,
1097 2493 1284 2576 impellebat
1302 2513 1338 2564 ut
1366 2499 1604 2565 Leecttsraro
1629 2497 1754 2578 integre
1780 2497 1859 2561 obe·
1916 2475 1922 2484 ¹

887 2619 1018 2701 dirent3
1050 2616 1139 2684 illinc
1167 2633 1271 2686 sutem
1293 2621 1440 2702 Comes,
1472 2621 1530 2688 hac
1556 2620 1775 2688 submissione
1796 2623 1859 2690 ele·

891 2759 973 2824 tus,
992 2718 1082 2812 suam
1098 2743 1321 2813 auctoriritem
1337 2743 1434 2812 nimis
1448 2747 1586 2832 jactabat
1605 2747 1724 2834 (69).

937 2869 1000 2939 Die
1033 2887 1074 2954 ις
1106 2866 1305 2952 Septembris
1347 2865 1610 2937 Leucsstntus
1647 2888 1711 2954 per¹
1737 2867 1858 2948 litteras

892 2997 1012 3064 iterum
1041 2991 1129 3077 apud
1158 2988 1297 3056 Ordines
1323 2990 1497 3062 Generales
1524 3007 1659 3076 questus
1688 3005 1738 3058 est
1766 2993 1860 3058 dere

893 3118 1081 3202 pecuniaria
1099 3117 1168 3201 (70
1179 3117 1212 3201 ).
1256 3117 1347 3202 Quae
1379 3119 1514 3202 quidem·
1526 3119 1656 3202 querele
1674 3135 1713 3182 eo
1728 3115 1856 3197 valuit,

894 3257 933 3308 ut
952 3240 1092 3308 Ordines
1116 3239 1316 3322 Generales,
1342 3241 1398 3323 qui
1423 3245 1526 3309 multo
1556 3240 1655 3324 magis
1676 3257 1769 3322 queam
1796 3237 1860 3306 Or·

895 3360 986 3431 eines
1006 3362 1203 3448 singularum
1226 3364 1464 3448 provinciarum
1493 3367 1656 3453 cupivisse
1685 3367 1858 3452 videntur,

893 3503 931 3554 ut
951 3489 1072 3553 Comes
1098 3490 1132 3558 in
1157 3489 1207 3554 his
1226 3489 1406 3570 provinciis
1431 3510 1593 3576 maneret,
1616 3492 1757 3560 edictum
1779 3510 1859 3577 pru.

894 3609 1122 3690 mulgaverunt
1152 3609 1248 3692 (71)
1277 3629 1343 3690 quo
1368 3615 1416 3680 illi
1438 3615 1621 3682 facultatem
1638 3617 1770 3697 darent,
1799 3633 1857 3684 suc

1762 3755 1863 3820 spon·

920 3939 992 4003 (dp)
1010 3939 1068 3993 vid.
1091 3937 1548 4009 uoc‚Ltu.m11.foi.ae-9i.
1571 3945 1655 4004 λιγύ.
1668 3941 1713 3998 Vi.
1738 3961 1767 4010 p.
1792 3957 1858 4008 ιη.

891 4031 972 4083 Pacci.
987 4043 1037 4077 m
1049 4029 1117 4078 Μ.
1132 4034 1202 4094 sept.
1220 4035 1279 4084 Ocea
1297 4037 1365 4094 ¹5⁸1.

920 4122 997 4184 (7⁰)
1019 4122 1079 4172 vid.
1100 4123 1187 4186 Boc,
1204 4125 1260 4175 Lib.
1274 4126 1359 4176 xxiii.
1381 4125 1429 4176 τοι.
1447 4135 1487 4186 8⁴·

925 4210 996 4272 (aa)
1012 4213 1071 4265 vid.
1090 4213 1243 4263 metrorii
1258 4213 1342 4266 lasci.
1356 4213 1402 4264 dar
1418 4217 1507 4268 Stans
1519 4215 1643 4267 ceurae!
1656 4219 1686 4272 rt
1703 4217 1771 4281 Sept.
1787 4215 1860 4280 tm.

888 4295 937 4353 toi.
954 4309 1010 4356 aaa.
