4654 6338
925 887 1034 948 Ξ
1422 904 1470 978 ss

502 1131 524 1167 „
545 1084 616 1154 dese
639 1078 779 1158 landen,
809 1074 875 1144 dau
899 1093 996 1142 omme
1025 1074 1074 1138 als
1099 1093 1144 1138 nu
1171 1071 1208 1155 dy
1230 1075 1372 1138 muniere
1394 1091 1460 1138 ran

503 1253 524 1289 „
545 1204 801 1272 advenissemus
817 1215 879 1266 arat
899 1215 931 1266 te
948 1221 1079 1288 soggere,
1095 1197 1246 1266 butades
1262 1195 1416 1261 suadelam
1426 1210 1460 1260 te

504 1375 528 1411 „
545 1349 641 1394 oveten
679 1330 784 1412 corrige
813 1323 1027 1406 fhrtificatien
1060 1340 1091 1390 te
1120 1325 1229 1409 leggen
1262 1328 1297 1389 in
1321 1322 1367 1409 {de
1391 1331 1461 1408 lga-

502 1501 523 1538 „
543 1471 597 1548 ten
613 1473 677 1521 aas
699 1456 751 1520 hat
774 1453 847 1519 Vlia
865 1452 979 1536 (40).
998 1451 1021 1480 ”

540 1579 594 1643 Ex
619 1577 670 1642 his
697 1577 806 1642 verbis
835 1575 934 1658 igitur
966 1618 988 1653 „
1003 1575 1030 1638 ’t
1050 1575 1140 1639 uelck
1157 1577 1374 1663 principalyck
1393 1592 1463 1642 tou·

502 1748 523 1784 „
543 1701 650 1767 chem
668 1698 733 1765 alle
755 1700 836 1784 Syna
861 1696 1046 1780 Majesteyts
1064 1692 1295 1764 Nederlanden
1311 1705 1348 1765 in
1365 1703 1391 1767 ’t
1404 1723 1463 1788 ge·

503 1877 524 1913 „
547 1829 659 1894 ncracl
684 1841 748 1893 etc.
770 1826 898 1908 liquet,
929 1819 990 1886 etsi
1022 1837 1089 1885 non
1116 1825 1379 1893 convocabantur
1400 1827 1463 1892 Or·

501 1953 594 2020 dines
610 1953 651 2019 ad
667 1951 904 2017 deliberandum
933 1948 972 2014 de
990 1945 1087 2011 rebus
1116 1947 1284 2013 utilitatem
1300 1950 1463 2032 publicam

500 2077 749 2163 spectantibus,
772 2090 877 2141 tamen
895 2092 934 2138 eo
951 2089 1095 2153 tempore
1112 2074 1152 2137 ad
1175 2073 1250 2139 illos
1269 2080 1465 2157 pertinuisse

497 2219 606 2268 euram
624 2200 839 2267 defendendae
865 2196 986 2279 patriae
1004 2199 1072 2280 (41
1092 2200 1129 2281 >‚
1165 2199 1230 2264 imo
1255 2200 1465 2283 propositum

499 2348 517 2394 a
543 2326 674 2394 domino
706 2341 755 2390 sn
785 2339 984 2400 nnvnnnrt,
1015 2321 1112 2404 diep
1143 2325 1222 2395 Oct.
1253 2339 1334 2408 1551
1367 2343 1463 2390 unam

498 2447 697 2536 provinciam
720 2449 924 2516 Hollandiam
958 2450 1145 2533 spectabat,
1171 2464 1331 2518 ettamen
1363 2450 1460 2535 hujus

501 2577 642 2660 regionis
667 2575 809 2642 Ordines
824 2577 914 2641 solos
939 2597 976 2642 se
999 2579 1042 2642 de
1055 2579 1244 2646 defensione
1256 2596 1406 2661 agrorum
1425 2595 1462 2641 ae

490 2691 649 2767 'iocorum
668 2719 801 2766 suorum
820 2719 887 2766 non
905 2717 1045 2769 statuere
1058 2723 1178 2786 posse,
1202 2701 1267 2780 ipsi
1283 2701 1440 2784 judicant.

541 2825 604 2892 Per
622 2825 702 2891 illud
721 2840 871 2908 ternpus,
895 2848 961 2909 quo
991 2828 1130 2895 Ordines
1158 2823 1334 2890 Generales
1353 2839 1465 2892 nostra

498 2949 532 3016 in
551 2947 651 3030 patria
681 2948 897 3030 exstiterunt,
932 2970 998 3018 non
1029 2949 1176 3034 apparuit
1195 2949 1299 3015 adhuc
1320 2969 1387 3032 quo
1406 2969 1461 3018 or·

497 3069 570 3138 dine
593 3071 628 3138 in
659 3072 816 3138 concione
837 3073 1062 3142 deliberarent.
1107 3072 1392 3140 verosimillimum
1410 3091 1460 3142 est

498 3193 623 3278 aliquid
642 3195 700 3260 hac
719 3195 760 3260 de
775 3214 810 3260 re
829 3212 983 3263 statutum
998 3183 1125 3279 fuisse,
1148 3218 1232 3266 uano
1246 3214 1351 3268 tamen
1373 3221 1459 3286 1552

498 3326 603 3409 prima
636 3323 706 3390 vice
741 3324 966 3404 conscriptum
990 3322 1197 3400 invenimus,
1228 3324 1318 3387 nulla
1354 3325 1461 3390 addita

496 3449 650 3527 radone,
692 3445 892 3527 provinciam
936 3441 1126 3512 brabantiae
1157 3441 1374 3526 praefuturum
1411 3467 1463 3517 es·

499 3592 536 3640 se
558 3571 675 3656 (42).

537 3698 576 3765 In
602 3709 760 3763 autumno
780 3695 906 3765 demtum
923 3693 999 3763 anni
1031 3709 1115 3780 1555
1142 3692 1317 3764 Canonus
1346 3703 1459 3770 consi·

1356 3887 1359 3892 .
1420 3829 1461 3894 li·

445 4043 447 4048 ·
530 4029 605 4094 (⁴0)
624 4031 686 4084 vlo.
712 4038 876 4082 anunente
902 4038 973 4081 vett
1001 4039 1071 4081 nn
1100 4030 1459 4099 none,1tegtsmopm

496 4121 561 4179 sm
576 4131 655 4185 ¹3³¹,
676 4123 803 4184 Md·

529 4211 602 4276 (41)
618 4211 698 4263 cont.
716 4209 784 4261 lutra
803 4225 828 4274 p,
844 4215 888 4274 σς.

528 4297 605 4365 (aa)
618 4303 678 4354 vul.
702 4315 858 4360 enatant
873 4318 941 4358 νη
955 4318 1024 4361 nn
1046 4307 1456 4376 oons,1te1uuroptnsm

499 4403 579 4458 mh
601 4405 665 4459 Μ·

508 4517 515 4528 .
1026 4488 1105 4578 0³
