4654 6338
896 863 918 930 4
1319 840 1428 908 Ξ

940 1027 1084 1096 Francici
1103 1031 1218 1114 reges,
1237 1032 1289 1100 his
1306 1031 1494 1118 regionibus
1511 1029 1597 1098 bello
1614 1031 1772 1118 devictis,
1786 1057 1869 1122 pm..

899 1149 973 1216 inde
1001 1153 1171 1234 omnibus,
1197 1173 1277 1236 quae
1300 1153 1441 1220 victores
1464 1155 1497 1222 in
1518 1157 1622 1222 victos
1649 1154 1790 1239 habent,
1806 1163 1869 1244 'jus

899 1273 990 1340 ribus
1008 1276 1057 1342 usi
1080 1295 1178 1359 sunt,
1208 1279 1353 1361 quamuis
1375 1277 1453 1344 satis
1481 1295 1633 1360 constet,
1666 1279 1862 1349 Francorum

903 1417 996 1484 reges
1023 1401 1056 1468 in
1080 1403 1177 1488 hujus
1207 1419 1308 1470 terrac
1344 1403 1465 1470 incolas
1502 1423 1675 1488 numquam
1707 1409 1768 1476 ista
1795 1413 1872 1496 jura

898 1543 1009 1590 severe
1031 1525 1238 1605 exercuisse,
1261 1543 1293 1592 et
1312 1543 1433 1609 partem
1452 1547 1519 1594 non
1539 1535 1748 1610 spernendam
1766 1534 1872 1600 liber··

901 1649 977 1716 tatis
1004 1649 1132 1730 avitae,
1164 1649 1349 1717 facultatem
1386 1657 1560 1722 secundum
1595 1659 1682 1739 leges
1718 1671 1869 1738 paternas
1938 1645 1941 1650 ’

902 1773 1062 1856 vivendi,
1103 1774 1396 1859 proprietatemque
1431 1799 1609 1864 agrorum,
1644 1799 1768 1864 praeter
1809 1803 1865 1850 eos

902 1901 959 1982 qui
977 1901 1017 1966 ad
1035 1900 1149 1966 fiscum
1165 1901 1390 1986 pertinebant,
1406 1903 1519 1989 primis
1542 1905 1712 1988 reliquisse
1731 1923 1867 1989 posses·

901 2027 1046 2092 soribus.

945 2149 1054 2233 Regni
1079 2147 1199 2214 finibus
1226 2153 1367 2218 extensis
1397 2168 1431 2218 et
1454 2167 1618 2218 crescente
1639 2171 1743 2218 rerum
1772 2171 1868 2236 ngen-

902 2278 1013 2342 durum
1044 2274 1154 2353 mole,
1176 2273 1216 2338 ad
1243 2277 1348 2342 omniu
1375 2277 1522 2345 obeunda
1548 2281 1611 2365 jam
1634 2295 1700 2342 non
1731 2274 1869 2344 sufficie·

903 2404 981 2469 bant
1009 2400 1070 2468 soli
1098 2419 1212 2484 reges:
1242 2399 1351 2481 itaque
1378 2399 1411 2468 in
1438 2405 1542 2470 varias
1574 2399 1757 2487 provincias
1782 2399 1869 2466 divi.-

902 2527 1037 2596 dcbatur
1073 2524 1265 2610 imperiuma
1299 2526 1484 2608 provinciae
1517 2548 1630 2597 rursus
1666 2527 1701 2594 in
1724 2524 1865 2592 minores

901 2669 1008 2739 partes
1038 2650 1359 2731 subdividcbanmr‚
1397 2671 1477 2734 quae
1511 2656 1686 2725 Comitatus
1714 2653 1869 2721 diceban*

902 2777 1052 2856 turchis
1080 2778 1249 2858 Comites,
1272 2776 1337 2842 iliis
1362 2780 1471 2848 Duces
1497 2799 1688 2866 praeerant,
1712 2801 1793 2865 quae
1817 2782 1868 2848 di·

903 2903 989 2968 visio
1019 2902 1111 2966 etiam
1143 2915 1255 2966 nostre
1287 2903 1320 2966 in
1350 2905 1450 2984 patria
1481 2909 1590 2968 locum
1619 2907 1754 2990 habuit,
1784 2925 1868 2980 teste

901 3025 1040 3094 Doctiss.
1063 3041 1140 3090 vsu
1162 3039 1288 3090 soora..
1302 3021 1425 3090 Aloude
1442 3029 1671 3111 regeriugsuijs
1692 3049 1757 3096 uara
1775 3031 1866 3102 Helle

902 3146 1006 3218 Tum.
1027 3149 1056 3216 Ι.
1090 3169 1126 3232 p.
1152 3167 1228 3232 139.

946 3276 1056 3365 Quum
1076 3275 1236 3360 infinitum
1261 3275 1328 3359 sit,
1349 3279 1481 3360 omnis,
1502 3277 1620 3360 quibus
1638 3279 1771 3363 Reges,
1796 3281 1869 3348 Du·
1949 3329 1952 3336 ,

905 3425 981 3484 ces,
1012 3403 1160 3470 Comites
1191 3400 1369 3485 gaudebant
1392 3405 1865 3488 jura·erp1icare,tumhaec

904 3531 968 3612 jam
994 3525 1072 3590 satis
1097 3525 1249 3606 explicita
1276 3526 1486 3590 inveniuntur
1520 3529 1559 3590 ab
1590 3527 1778 3593 auctoribus
1803 3528 1866 3594 fide

904 3648 1100 3736 dignissimis
1119 3665 1129 3711 a
1152 3645 1327 3710 addendum
1350 3660 1524 3727 putamus,
1554 3649 1601 3712 aia
1616 3669 1657 3715 eo
1684 3666 1863 3734 tempore,

907 3795 973 3864 quo
989 3772 1198 3856 Lotharingia
1213 3770 1252 3836 ab
1273 3785 1426 3834 oruoun
1445 3771 1682 3857 subactafuit',
1694 3779 1751 3844 has
1774 3779 1867 3850 etiam

904 3900 1053 3986 regiones
1080 3897 1112 3964 in
1141 3899 1212 3983 ejus
1243 3894 1380 3960 cessisse
1408 3896 1587 3983 ditionem,
1619 3919 1718 3989 atque
1756 3907 1875 3974 exinde

906 4042 1028 4110 partem
1060 4023 1205 4090 effecisse
1237 4023 1363 4108 imperii
1389 4023 1588 4100 Gerrnnnici.
1632 4032 1707 4098 Van
1728 4048 1797 4101 men
1825 4034 1873 4119 af

905 4149 976 4232 zijn
1003 4149 1067 4212 alle
1098 4147 1136 4212 de
1168 4149 1397 4218 Nederlaudcn
1425 4156 1631 4236 aangemerkr
1657 4159 1706 4222 als
1735 4173 1782 4224 tot
1809 4160 1867 4224 het

905 4274 1059 4346 Duitsche
1075 4275 1140 4357 rijk
1162 4273 1370 4355 behoorende,
1390 4295 1428 4338 en
1450 4293 1579 4341 ornuo
1603 4297 1642 4340 en
1659 4277 1745 4358 zry'ne
1761 4281 1866 4365 opuol·

898 4419 972 4488 gers
992 4395 1106 4467 hebben
1131 4397 1203 4464 ziclr
1225 4402 1291 4464 niet
1322 4399 1423 4466 allecta
1451 4399 1499 4464 als
1525 4402 1690 4486 eigenaars
1713 4399 1773 4467 der
1800 4401 1866 4470 Ko·

1768 4525 1863 4593 nini·
