4656 6318
892 911 958 984 ιρι

888 1089 1093 1152 conventum
1113 1071 1220 1138 solum
1238 1067 1455 1152 compositum
1477 1079 1549 1130 esse
1570 1079 1612 1128 ex
1625 1059 1778 1146 delegatis
1796 1059 1859 1129 Or·

897 1209 1010 1276 diuum
1033 1201 1229 1284 singularum
1256 1188 1513 1276 provinciarum,
1538 1187 1594 1270 qui
1609 1189 1691 1254 ioco
1713 1183 1860 1270 ipsorum

898 1332 1062 1400 Ordinum
1083 1321 1293 1390 conveniunt.

938 1456 1056 1532 'Itaque
1092 1457 1272 1513 conventus
1307 1439 1466 1508 Ordinurn
1497 1437 1703 1506 Generalium
1730 1432 1862 1518 proprie

896 1572 1056 1641 dicendus
1092 1584 1142 1634 est
1173 1581 1287 1634 coetus
1312 1565 1471 1632 Ordinum
1508 1561 1651 1628 omnium
1682 1561 1865 1645 provincia-

900 1717 999 1778 rum,
1021 1695 1081 1778 qui
1108 1687 1306 1760 conveniunt
1330 1700 1368 1752 ut
1397 1687 1575 1754 deliberent
1597 1688 1636 1752 de
1663 1685 1752 1766 illie,
1782 1702 1863 1765 quae

903 1818 1115 1888 communiter
1129 1810 1329 1897 procuranda
1346 1825 1436 1878 sunt.
1471 1811 1598 1895 Singuli
1610 1808 1753 1878 ordiner
1771 1827 1864 1876 num·
1887 1839 1891 1846 ·

900 1949 1000 2027 'quam
1024 1962 1041 2008 a
1066 1939 1193 2029 juribus
1215 1937 1284 2003 suis
1307 1936 1499 2001 destiterunt
1526 1952 1626 2017 etque
1648 1935 1750 2016 (no)
1782 1949 1866 1998 rern-

899 2065 964 2153 'per
989 2065 1051 2132 sibi
1067 2077 1321 2144 conservaruut;
1343 2061 1405 2126 hac
1431 2071 1538 2126 tamen
1565 2058 1710 2125 clausula
1734 2057 1868 2124 Unioue'

906 2205 1046 2271 statuo,
1069 2205 1106 2254 ut
1124 2187 1319 2269 quarundam
1337 2199 1443 2249 rerum
1468 2199 1536 2247 non
1553 2179 1701 2265 singuli,
1721 2183 1781 2249 aad
1797 2201 1867 2248 om·

900 2335 962 2384 nes
978 2313 1117 2382 Ordines
1135 2309 1347 2372 communiter
1369 2323 1476 2368 curam
1495 2322 1647 2384 agerent,
1662 2306 1743 2386 ¹quia
1761 2324 1779 2368 e
1795 2305 1868 2385 qui·

900 2441 1040 2508 busdam
1066 2430 1216 2496 omnibus
1234 2424 1418 2509 ‘provinciis
1438 2424 1527 2488 idem
1547 2427 1673 2488 lucrum
1702 2429 1756 2492 vel
1782 2426 1866 2492 idern

850 2599 853 2608 v
905 2566 1056 2632 ὀιιιιιιιιιιι
1079 2552 1247 2637 profluere
1274 2561 1423 2631 poterat:
1455 2545 1500 2611 ita
1537 2560 1575 2611 ut
1614 2563 1744 2626 rerum,
1786 2564 1868 2627 quae

902 2687 1041 2758 Unione
1075 2674 1289 2758 Ultrajecuna
1317 2669 1505 2740 'Ordinibus
1532 2665 1746 2734 Generalibus
1778 2682 1868 2735 erant

904 2815 1052 2892 delatae,
1075 2803 1208 2890 proprie
1231 2801 1316 2888 apud
1336 2796 1483 2880 singulos
1504 2791 1650 2860 Ordines
1667 2791 1869 2860 administra·

901 2941 955 3008 tio
975 2949 1126 3005 maneret.

949 3061 1039 3126 Tota
1075 3057 1174 3140 igitur
1210 3049 1336 3117 Civitas
1365 3047 1601 3114 'foederatarum
1624 3050 1868 3132 provinciarum

899 3179 1163 3265 'componebatur
1197 3197 1251 3243 eu·
1266 3192 1388 3258 septem
1417 3171 1618 3258 provinciis,
1658 3173 1692 3238 in
1728 3173 1868 3257 singulis

911 3325 1045 3392 quarum
1068 3303 1273 3371 exercebatur
1291 3317 1412 3368 sunrma
1429 3308 1597 3380 potestus,
1622 3311 1756 3374 quarum
1781 3295 1871 3360 nulla

909 3433 1025 3499 ceteris
1049 3432 1194 3516 subjecta
1220 3441 1309 3507 erat,
1333 3425 1390 3491 aad
1415 3443 1495 3507 quae
1525 3421 1704 3489 arctissimo
1736 3421 1868 3489 vinculo

903 3558 1037 3640 iunctae
1058 3569 1163 3619 ιιιιιι.
1204 3549 1308 3634 Quod
1330 3547 1515 3615 institutum
1543 3545 1675 3628 effecit,
1704 3561 1743 3611 ιιι
1769 3543 1868 3612 exteri

910 3673 1026 3760 populi
1043 3691 1154 3738 omnes
1168 3671 1352 3755 provincias
1369 3669 1546 3734 foederatas
1572 3691 1634 3750 pro
1654 3688 1717 3734 una
1741 3670 1872 3734 civitate

908 3801 1103 3894 habuerint,
1126 3797 1317 3877 legatosque
1341 3807 1419 3856 suos
1444 3790 1607 3856 mitterent
1623 3791 1663 3856 ad
1683 3791 1773 3856 illum
1790 3809 1872 3876 conf

907 3942 1066 4006 ventum,
1090 3924 1124 3988 in
1145 3938 1211 4024 quo
1228 3917 1357 3982 aderant
1375 3913 1517 3981 omnium
1534 3913 1697 3980 civitatum
1718 3916 1867 4000 delegati.

905 4052 1055 4120 Eandem
1075 4048 1118 4116 ob
1132 4066 1265 4115 ‚causam
1281 4042 1378 4128 legati
1398 4041 1437 4144 ad
1456 4055 1599 4110 externas
1624 4043 1769 4112 civitates
1786 4065 1871 4111 sern-

1805 4189 1871 4256 ner

933 4343 1017 4409 (aa)
1032 4343 1092 4396 vu.
1107 4344 1227 4396 bano
1242 4338 1310 4395 Hali.
1324 4335 1449 4402 ayllon,
1463 4337 1495 4390 ll.
1508 4335 1551 4388 m.
1569 4352 1596 4404 p.
1610 4337 1666 4400 ¹5⁸·
