4700 6324
866 847 910 916 66
1295 843 1407 904 ..¹¹3

867 1029 944 1110 ,fore
982 1029 1099 1096 horum
1139 1025 1318 1096 edictorum
1357 1031 1524 1098 efficaciam
1548 1027 1681 1114 (quum
1705 1045 1836 1114 nmen.

873 1169 911 1220 ut
939 1153 1067 1222 videtur
1095 1157 1320 1240 Pururrrus,
1349 1175 1461 1228 eorum
1488 1172 1685 1226 conventum
1710 1160 1838 1232 vetuis-

875 1286 967 1378 set).
991 1285 1104 1368 Itaque
1115 1282 1286 1350 constituit
1302 1284 1437 1352 Maura
1452 1285 1649 1370 interrogare
1665 1282 1839 1351 consilium

876 1415 1077 1496 quorundam
1102 1411 1263 1477 ordinum
1283 1408 1551 1493 provinciarum,
1574 1411 1614 1478 ad
1641 1427 1725 1492 quos
1756 1425 1841 1476 non·

877 1539 988 1604 nullos
1005 1535 1198 1602 auctoritate
1217 1551 1417 1621 praestantes
1440 1532 1581 1602 Nobiies
1600 1534 1745 1618 dimisit,
1769 1555 1844 1619 spe·

878 1677 952 1726 rans
984 1656 1057 1726 fore
1083 1672 1121 1725 ut
1152 1658 1200 1728 iili
1232 1659 1448 1745 maximopere
1482 1659 1516 1728 in
1547 1679 1642 1728 aures
1677 1660 1848 1728 ,ordinum

876 1785 1063 1856 influerent.

919 1909 958 1976 Id
977 1928 1051 1978 nou
1073 1910 1146 1980 sine
1162 1912 1388 1998 desperatione
1406 1909 1530 1980 audiuit
1550 1910 1718 1993 populus,
1743 1926 1843 1992 qaum

876 2029 1025 2116 uideret,
1054 2035 1214 2104 ordinum
1239 2053 1371 2120 quoque
1398 2035 1638 2120 provinciarum
1665 2039 1852 2104 conventus

875 2157 939 2244 iam
951 2158 1127 2224 nonlibere
1143 2162 1316 2227 deliberare
1329 2179 1451 2241 posse,
1465 2159 1541 2240 quia
1552 2159 1684 2258 ¹aliquot
1694 2175 1846 2242 tantum,

876 2304 946 2354 nou
970 2305 1083 2353 omnes
1104 2285 1282 2353 Ordinibus
1306 2283 1460 2367 adscripti
1481 2283 1769 2368 convocabantur3
1794 2284 1844 2352 ita

877 2425 939 2492 ut,
962 2425 1045 2480 teste
1069 2429 1235 2492 sonnio,
1259 2414 1360 2494 vulgo
1378 2425 1548 2478 censerent
1572 2407 1750 2482 consilium
1779 2406 1849 2476 On

880 2538 1015 2621 diuum
1028 2540 1084 2626 taii
1105 2541 1203 2606 modo
1216 2555 1469 2610 convocatorum
1481 2585 1494 2619 ,
1505 2555 1572 2604 non
1590 2548 1661 2612 esse
1673 2535 1867 2620 ingenuam·

875 2661 1048 2758 ⁴libereque
1078 2662 1279 2730 enunciatam
1299 2662 1511 2746 opinionem,
1538 2666 1649 2728 verum'
1677 2643 1853 2734 adsensum

756 2787 761 2797 ’
875 2789 918 2860 xi
954 2804 1140 2860 extortum:
1170 2807 1256 2856 mter
1288 2805 1344 2852 een
1375 2783 1556 2872 tedoongen
1587 2799 1742 2866 consens,
1778 2781 1851 2848 den

882 2931 960 2983 conr
1000 2934 1072 2980 tenc
1098 2887 1184 2996 cryc
1221 2932 1260 2976 en
1295 2909 1499 2995 opcnkartige
1542 2912 1657 2993 opinis.
1722 2911 1852 2978 Praete·

883 3055 937 3102 rea
967 3035 1002 3102 iu
1034 3035 1101 3102 iilis
1136 3039 1241 3102 solum
1270 3029 1450 3114 provinciis
1483 3031 1677 3098 convocavit
1698 3013 1848 3102 ‘Ordines

877 3157 1127 3248 ,Gubernctairm
1159 3157 1217 3224 ubi
1237 3155 1361 3226 incolae
1387 3155 1493 3226 minus
1525 3156 1705 3242 privilegiis
1731 3161 1849 3228 adhae-

883 3302 1017 3369 rentes,
1036 3285 1145 3356 minus
1172 3305 1304 3368 quoque
1331 3283 1437 3352 edicto
1457 3285 1621 3352 moderato
1646 3285 1853 3352 adversaren-

884 3427 964 3494 n1r3
989 3429 1089 3496 quum
1111 3428 1225 3482 coutre
1241 3412 1456 3493 Holiandiac,
1484 3410 1857 3496 Frisire,tLimburgiae

783 3602 787 3610 .
884 3527 1224 3614 ,otdmes'cnnvenue
1241 3541 1424 3621 prohibuit.
1460 3539 1591 3626 Quibus
1611 3535 1729 3604 auditis
1755 3533 1856 3604 Ordi-

889 3663 1013 3742 nibus,
1036 3659 1167 3730 Maura
1193 3666 1412 3747 promulgavit
1440 3665 1593 3732 edictum.

897 3846 900 3854 .
934 3784 1209 3878 Quotusquisque
1241 3803 1291 3852 est
1320 3787 1404 3868 quin
1429 3787 1586 3871 miretur,
1621 3788 1661 3854 ab
1688 3807 1752 3856 una
1779 3787 1852 3870 oui·

884 3894 961 3990 dem
986 3909 1077 4001 parte
1105 3911 1244 3978 edictum
1273 3909 1309 3976 in
1339 3911 1527 3996 Hispaniam
1557 3915 1690 3982 missum
1719 3910 1850 3996 fuisse,

889 4057 927 4112 ut
952 4059 971 4106 a
992 4038 1084 4120 Rege
1103 4034 1355 4120 ratihaberctur3
1387 4037 1427 4102 ab
1450 4039 1548 4103 alters
1578 4053 1669 4120 parte
1701 4055 1768 4103 non
1797 4054 1859 4101 au-

890 4164 976 4230 ditos
1004 4159 1108 4228 fuisse
1140 4157 1284 4225 omnium
1307 4161 1550 4245 provinciarum
1573 4159 1736 4241 Ordinem
1760 4175 1851 4228 ante·

824 4277 827 4284 ’
890 4302 986 4366 quam
1011 4302 1089 4349 vcro
1115 4301 1308 4368 responsum
1336 4285 1504 4354 Bruxellas
1531 4284 1701 4369 pervenire
1723 4283 1854 4367 potuis»

888 4423 960 4492 stt,
991 4423 1023 4476 et
1056 4407 1196 4482 ordines
1221 4412 1401 4484 convocati
1423 4413 1596 4482 consilium
1622 4411 1695 4476 dare
1721 4406 1853 4493 potuis·

1774 4545 1851 4602 wit
