4700 6324
901 871 969 930 tun
1314 843 1443 910 ἘΞ

901 1049 1058 1104 stitutum
1082 1045 1175 1116 emt,
1204 1043 1243 1098 tn
1270 1030 1510 1115 Apatouros
1546 1026 1723 1098 Ordinibus
1750 1051 1866 1108 conne-

904 1161 996 1228 deret
1022 1161 1119 1246 legem
1158 1157 1427 1234 commissarium,
1456 1173 1497 1222 ex
1531 1173 1594 1237 qut
1611 1154 1687 1222 illis
1718 1158 1869 1230 liceretn

908 1289 1000 1359 Duce
1023 1271 1183 1370 deficere,
1213 1283 1244 1350 si
1270 1279 1324 1346 hic
1361 1279 1563 1356 condiciones
1601 1259 1692 1350 illius
1727 1283 1867 1354 foederis

908 1413 1057 1482 violaret.
1300 1471 1304 1478 .

920 1553 925 1570 ·
951 1534 1125 1616 Denique,
1149 1545 1278 1616 petente
1295 1529 1448 1616 Principe
1468 1531 1707 1615 munseo,
1731 1533 1871 1606 Ordines

915 1661 1106 1730 Bollandiae
1134 1675 1167 1726 et
1199 1656 1387 1726 Zeeltudiae
1410 1656 1629 1740 jusjurandum
1657 1660 1875 1744 Aunntorsto

919 1787 1105 1854 memoretis
1120 1781 1361 1851 conditionibus
1379 1781 1607 1862 prtestiterunt
1626 1782 1740 1867 (56).

922 1947 928 1958 ·
962 1910 1064 1978 Hisce
1104 1905 1255 1976 omnibus
1283 1907 1404 1992 igitur,
1437 1910 1583 1994 quseud
1606 1906 1879 1990 incognitionem

919 2033 1025 2100 Ducis
1050 2035 1276 2120 pertinebant,
1311 2033 1495 2117 absolutis,
1525 2053 1632 2102 curam
1655 2034 1795 2100 civitatis
1824 2054 1881 2100 su·

913 2157 1019 2237 scepit
1037 2173 1069 2223 tt
1095 2162 1157 2241 jem
1187 2177 1296 2224 meuse
1321 2158 1441 2223 Martis
1465 2156 1643 2222 Ordinibus
1667 2157 1881 2227 Geuemiibts

921 2275 1058 2360 plurimu
1077 2274 1251 2358 proposuit
1266 2273 1369 2340 edictu
1397 2275 1606 2355 Venustus,
1630 2295 1697 2355 quo
1715 2279 1880 2350 miserabi-

919 2404 982 2469 lem
1002 2401 1114 2468 horum
1132 2399 1299 2484 regionum
1314 2413 1433 2465 scutum
1451 2399 1641 2466 iusmururet
1655 2400 1675 2484 (
1683 2421 1725 2487 57
1736 2408 1768 2487 ).

963 2525 1082 2594 Mense
1092 2523 1181 2608 Juuii
1203 2521 1330 2602 quidem
1352 2539 1426 2587 cunt
1443 2513 1617 2590 audivisset
1643 2525 1881 2611 mentorum

922 2651 1154 2733 imperatorem
1178 2645 1370 2716 Germtuite
1404 2617 1621 2733 Ausburgitm
1654 2655 1885 2724 consonuisse

924 2773 1067 2842 Comitio
1094 2771 1219 2858 imperii
1241 2769 1428 2840 Gerurtuici
1453 2775 1679 2864 (Ryksdag),
1710 2777 1888 2846 Ordinibus

921 2896 1136 2965 Ocuertlibus
1164 2902 1363 2984 proposuit,
1393 2915 1455 2980 ut,
1487 2921 1551 2966 uus
1571 2919 1643 2965 cour
1668 2904 1773 2984 legato
1798 2921 1884 2984 suo,

924 3042 1021 3104 quem
1038 3023 1310 3108 ipse‚2quuteuus
1339 3025 1416 3090 Dux
1442 3037 1509 3088 erut
1536 3019 1746 3102 Brtbtutise,
1769 3021 1886 3088 missu·

925 3167 983 3214 rus
998 3162 1104 3228 esset,
1124 3145 1174 3214 itti
1197 3163 1329 3228 quoque
1351 3165 1431 3214 suos
1457 3148 1622 3232 delegatos
1647 3163 1687 3210 eo
1702 3142 1886 3228 mitterent,

924 3285 965 3337 ut
983 3271 1165 3338 retentent.
1180 3286 1292 3340 omues
1320 3271 1518 3354 tolumnius,
1542 3291 1625 3354 quse
1650 3287 1764 3340 contre
1782 3290 1826 3342 se,
1838 3273 1891 3354 lp-

928 3411 1001 3461 surn
1028 3408 1061 3460 et
1080 3390 1218 3462 Ordines
1251 3398 1499 3481 spargebantur.
1544 3396 1638 3484 Quue
1665 3412 1739 3462 com
1757 3392 1892 3478 probts·

926 3527 1001 3580 seut
1017 3514 1181 3596 Ordines,
1203 3519 1255 3586 die
1271 3540 1293 3604 9
1307 3521 1388 3608 Julii
1413 3525 1496 3604 1582
1522 3517 1769 3606 instructionem
1788 3519 1887 3604 (58)

928 3636 1043 3719 legetis
1067 3638 1244 3719 dedendum
1278 3641 1335 3721 qui
1356 3641 1390 3706 in
1418 3641 1623 3711 Geturuuitru
1652 3645 1792 3726 profecti
1810 3660 1889 3711 sunt

928 3775 968 3826 ut
994 3759 1041 3826 ibi
1066 3759 1288 3830 defensionen
1316 3760 1473 3828 Ordinum
1501 3761 1716 3848 susciperent.
1764 3768 1817 3836 Ab
1849 3787 1888 3834 eo

929 3901 1191 3973 temporumque
1209 3890 1250 3960 od
1269 3903 1410 3956 mensem
1434 3885 1623 3954 Decembris
1643 3907 1712 3958 nou
1731 3906 1893 3959 convect-

1226 4028 1230 4036 ·
1410 3995 1415 4004 ’
1862 4013 1892 4082 ti

932 4207 939 4232 ²
962 4191 1037 4257 (⁵⁶)
1052 4194 1111 4248 vtt.
1127 4196 1271 4250 nouisse·
1284 4193 1352 4247 Htil.
1368 4205 1399 4248 Ιο
1413 4195 1473 4257 105
1486 4199 1555 4255 tm
1575 4199 1625 4253 rot.
1639 4209 1697 4264 ¹⁸⁴·

931 4279 1037 4346 -csri
1055 4285 1216 4350 vtem,
1232 4285 1287 4339 urs
1301 4286 1379 4339 xvrt
1402 4287 1449 4340 rot
1469 4299 1507 4350 ¹5·

957 4369 1031 4440 (ὅ.)
1045 4373 1104 4430 Viti.
1123 4385 1211 4442 tn,
1225 4375 1283 4432 nti.
1296 4375 1375 4435 xvii,
1394 4378 1441 4429 roi.
1458 4388 1503 4438 ¹⁵.
1521 4376 1560 4431 ισ,
