4700 6324
838 894 889 986 ‚a
1234 885 1363 964 ε

844 1097 904 1148 nes
929 1076 1061 1146 domare
1086 1092 1153 1146 non
1182 1087 1320 1160 posset,
1342 1073 1395 1142 die
1418 1095 1458 1162 14
1484 1070 1652 1148 Februarii
1669 1080 1811 1153 edictum

845 1207 1067 1294 promulgavit
1083 1202 1213 1274 nomine
1233 1203 1400 1270 Putarem
1419 1201 1559 1288 editum,
1575 1217 1642 1289 quo
1663 1207 1737 1277 uex
1755 1209 1816 1277 im·

846 1333 980 1416 perabat
1008 1330 1190 1398 Ordinibus
1229 1329 1446 1398 Generalibus
1475 1345 1594 1399 sutum
1622 1331 1816 1417 reipublicae

845 1459 1008 1526 bruxellis
1047 1453 1287 1536 turbantibus,
1323 1471 1362 1523 ut
1395 1457 1519 1527 abirent
1556 1459 1591 1529 in
1629 1459 1814 1544 provincias

846 1599 945 1648 suas:
972 1595 1084 1648 eorum
1100 1578 1385 1664 congregationem
1404 1584 1624 1664 dissolvebat,
1651 1605 1816 1666 quaecum·

847 1729 913 1792 que
931 1724 1009 1792 post
1033 1721 1104 1776 orta
1129 1705 1261 1773 dissidia
1284 1706 1526 1791 decrevissent,
1553 1705 1642 1772 irrita
1665 1725 1811 1792 pronum

846 1835 948 1902 tiabat
978 1853 1018 1900 ex
1044 1851 1121 1900 aute
1149 1835 1320 1917 potestatis
1346 1835 1567 1921 plenitudine,
1599 1851 1713 1902 omnes
1736 1831 1816 1900 sub·

848 1959 937 2028 ditos
962 1957 1098 2046 jubebat
1128 1974 1165 2027 ut
1196 1959 1360 2046 Jouauraa
1395 1963 1615 2030 Ausraaaco
1636 1958 1701 2026 soli
1725 1958 1814 2027 dicto

844 2085 1014 2150 audientes
1038 2101 1172 2168 essent,
1203 2107 1309 2170 neque
1327 2084 1451 2154 diutius
1474 2085 1656 2153 Ordinibus
1674 2083 1818 2152 Genera·

846 2205 935 2273 libus
961 2206 1241 2285 obtemperarent:
1276 2209 1416 2286 denique
1440 2207 1560 2274 addens
1588 2229 1624 2273 se
1651 2211 1686 2276 in
1703 2225 1816 2292 poste·

847 2349 918 2396 rum
936 2327 994 2396 ubi
1008 2329 1160 2412 luberet,
1179 2328 1316 2396 illorum
1340 2343 1542 2396 conventum
1568 2349 1639 2397 esse
1659 2330 1815 2400 instaura-

845 2473 968 2528 turum.

892 2585 979 2651 Illud
1007 2583 1148 2650 edietum
1179 2577 1304 2666 (103)
1332 2577 1421 2646 irene
1446 2575 1490 2643 ob
1512 2593 1644 2643 causam
1662 2593 1820 2646 memora·

848 2705 916 2774 bile
942 2721 1014 2789 est,
1037 2703 1134 2788 quia,
1167 2703 1196 2770 si
1222 2702 1303 2769 iliud
1324 2698 1516 2770 auctoritate
1541 2703 1683 2783 valeret,
1704 2685 1844 2772 exinde

849 2835 1041 2918 sequeretur
1063 2829 1170 2900 omnia
1187 2829 1231 2895 ab
1245 2823 1433 2895 Ordinibus
1450 2825 1666 2895 Genettiibus
1682 2848 1702 2895 a
1720 2831 1757 2898 d.·
1780 2851 1819 2913 r4

849 2963 950 3028 Febr.
989 2960 1151 3037 decreta,
1187 2953 1314 3022 nullius
1351 2949 1531 3030 ponderis,
1564 2951 1820 3040 electionemque

765 3110 767 3116 ·
849 3084 1061 3149 Marruuia
1088 3075 1287 3161 illegitimam
1311 3068 1432 3136 fuisse.
1483 3070 1666 3153 Antequam
1700 3086 1817 3150 secem.

852 3207 931 3274 dum
953 3205 1123 3271 decretum
1150 3197 1252 3284 Regis
1277 3193 1500 3277 Hispanorum
1527 3197 1634 3266 omnia
1659 3203 1699 3271 ab
1718 3205 1818 3277 Ordi-

850 3335 949 3404 nibus
969 3329 1192 3400 Generalibus
1225 3323 1310 3393 facta
1349 3321 1438 3389 irrita
1463 3318 1568 3390 fuisse
1595 3325 1816 3419 declaramus,

853 3477 988 3540 necesse
1014 3459 1141 3526 uidetur
1168 3457 1208 3524 de
1232 3451 1426 3522 auctoritate
1452 3449 1552 3539 buius
1585 3456 1680 3524 edicti
1708 3457 1816 3546 inqui.

849 3601 936 3649 rere.
1269 3581 1276 3588 '

892 3706 1004 3776 Primo
1028 3699 1175 3772 Ordines
1197 3697 1378 3768 Generales
1395 3717 1529 3766 causam
1549 3699 1653 3770 fuisse
1671 3708 1815 3776 omnium

848 3837 890 3904 ‘ua
919 3831 1032 3916 belgio
1059 3829 1225 3896 turbarum
1251 3826 1365 3894 statuit
1392 3828 1613 3895 Pututrous..
1659 3828 1817 3917 Quamvis

847 3977 913 4032 nos
937 3954 1070 4024 definire
1094 3972 1162 4022 non
1193 3952 1392 4034 audeamus,
1420 3973 1627 4036 quarumnam
1654 3955 1819 4024 turbarum

849 4077 1047 4148 mentionem
1071 4073 1167 4143 faciat
1188 4075 1415 4158 Putarenus,
1450 4077 1521 4144 sive
1548 4080 1678 4146 locutus
1703 4078 1747 4148 sit
1777 4081 1816 4148 de

1750 4219 1820 4271 tua·-

879 4397 1211 4467 cmsrouodutenm
1227 4357 1540 4472 waramum
1563 4403 1667 4457 saza
