<?xml version="1.0" encoding="UTF-8"?>
<!DOCTYPE html PUBLIC "-//W3C//DTD XHTML 1.0 Transitional//EN"
    "http://www.w3.org/TR/xhtml1/DTD/xhtml1-transitional.dtd">
<html xmlns="http://www.w3.org/1999/xhtml" xml:lang="en" lang="en">
 <head>
  <title>
</title>
<meta http-equiv="Content-Type" content="text/html;charset=utf-8" />
  <meta name='ocr-system' content='tesseract 3.04.00' />
  <meta name='ocr-capabilities' content='ocr_page ocr_carea ocr_par ocr_line ocrx_word'/>
</head>
<body>
  <div class='ocr_page' id='page_1' title='image "./disputatiohisto00dedegoog_0057.png"; bbox 0 0 4654 6338; ppageno 0'>
   <div class='ocr_carea' id='block_1_1' title="bbox 424 807 1499 2231">
    <p class='ocr_par' dir='ltr' id='par_1_1' title="bbox 424 807 1499 1854">
     <span class='ocr_line' id='line_1_1' title="bbox 921 807 1445 911; baseline 0.004 -31"><span class='ocrx_word' id='word_1_1' title='bbox 921 807 1032 880; x_wconf 71' lang='lat'>..¹¹:⁸-</span> <span class='ocrx_word' id='word_1_2' title='bbox 1398 843 1445 911; x_wconf 55' lang='grc' dir='ltr'>,ῃ</span> 
     </span>
     <span class='ocr_line' id='line_1_2' title="bbox 424 1011 1442 1104; baseline 0.004 -22"><span class='ocrx_word' id='word_1_3' title='bbox 424 1096 425 1099; x_wconf 10' lang='lat'>¹</span> <span class='ocrx_word' id='word_1_4' title='bbox 513 1011 676 1098; x_wconf 78' lang='lat' dir='ltr'>&#39;Sequenti</span> <span class='ocrx_word' id='word_1_5' title='bbox 694 1013 800 1096; x_wconf 86' lang='lat' dir='ltr'>primo</span> <span class='ocrx_word' id='word_1_6' title='bbox 822 1016 873 1080; x_wconf 85' lang='lat' dir='ltr'>dre</span> <span class='ocrx_word' id='word_1_7' title='bbox 893 1019 1014 1085; x_wconf 86' lang='lat' dir='ltr'>mensis</span> <span class='ocrx_word' id='word_1_8' title='bbox 1041 1017 1192 1104; x_wconf 84' lang='lat' dir='ltr'>Augusti.</span> <span class='ocrx_word' id='word_1_9' title='bbox 1201 1011 1362 1089; x_wconf 86' lang='lat' dir='ltr'>redierunt</span> <span class='ocrx_word' id='word_1_10' title='bbox 1379 1016 1442 1088; x_wconf 86' lang='lat' dir='ltr'>Or-</span> 
     </span>
     <span class='ocr_line' id='line_1_3' title="bbox 479 1139 1499 1234; baseline 0.006 -25"><span class='ocrx_word' id='word_1_11' title='bbox 479 1139 743 1210; x_wconf 85' lang='lat' dir='ltr'>dinesFlandriae</span> <span class='ocrx_word' id='word_1_12' title='bbox 764 1153 796 1204; x_wconf 92' lang='lat' dir='ltr'>et</span> <span class='ocrx_word' id='word_1_13' title='bbox 808 1141 1070 1227; x_wconf 85' lang='lat' dir='ltr'>declaraverunt,</span> <span class='ocrx_word' id='word_1_14' title='bbox 1091 1167 1126 1212; x_wconf 90' lang='lat' dir='ltr'>se</span> <span class='ocrx_word' id='word_1_15' title='bbox 1146 1146 1229 1214; x_wconf 86' lang='lat' dir='ltr'>idem</span> <span class='ocrx_word' id='word_1_16' title='bbox 1251 1169 1442 1234; x_wconf 87' lang='lat' dir='ltr'>responsum</span> <span class='ocrx_word' id='word_1_17' title='bbox 1497 1186 1499 1190; x_wconf 95' lang='lat'>·</span> 
     </span>
     <span class='ocr_line' id='line_1_4' title="bbox 484 1267 1443 1354; baseline 0.002 -17"><span class='ocrx_word' id='word_1_18' title='bbox 484 1271 596 1337; x_wconf 80' lang='lat' dir='ltr'>afferre</span> <span class='ocrx_word' id='word_1_19' title='bbox 618 1267 712 1349; x_wconf 77' lang='lat' dir='ltr'>qnod,</span> <span class='ocrx_word' id='word_1_20' title='bbox 724 1270 786 1352; x_wconf 85' lang='lat' dir='ltr'>jam</span> <span class='ocrx_word' id='word_1_21' title='bbox 803 1267 968 1335; x_wconf 82' lang='lat' dir='ltr'>dederant.</span> <span class='ocrx_word' id='word_1_22' title='bbox 1014 1267 1100 1335; x_wconf 87' lang='lat' dir='ltr'>Turn</span> <span class='ocrx_word' id='word_1_23' title='bbox 1123 1271 1271 1354; x_wconf 87' lang='lat' dir='ltr'>sequenti</span> <span class='ocrx_word' id='word_1_24' title='bbox 1301 1273 1352 1339; x_wconf 91' lang='lat' dir='ltr'>die</span> <span class='ocrx_word' id='word_1_25' title='bbox 1374 1291 1443 1339; x_wconf 86' lang='lat' dir='ltr'>onr-</span> 
     </span>
     <span class='ocr_line' id='line_1_5' title="bbox 482 1390 1442 1482; baseline 0.002 -20"><span class='ocrx_word' id='word_1_26' title='bbox 482 1415 539 1462; x_wconf 86' lang='lat' dir='ltr'>nes</span> <span class='ocrx_word' id='word_1_27' title='bbox 557 1394 591 1461; x_wconf 93' lang='lat' dir='ltr'>in</span> <span class='ocrx_word' id='word_1_28' title='bbox 610 1393 741 1462; x_wconf 87' lang='lat' dir='ltr'>Curiam</span> <span class='ocrx_word' id='word_1_29' title='bbox 755 1390 927 1457; x_wconf 87' lang='lat' dir='ltr'>convenire</span> <span class='ocrx_word' id='word_1_30' title='bbox 946 1394 1041 1476; x_wconf 88' lang='lat' dir='ltr'>jussit</span> <span class='ocrx_word' id='word_1_31' title='bbox 1054 1395 1191 1465; x_wconf 83' lang='lat' dir='ltr'>Ordines</span> <span class='ocrx_word' id='word_1_32' title='bbox 1210 1401 1362 1482; x_wconf 73' lang='lat' dir='ltr'>Manis,</span> <span class='ocrx_word' id='word_1_33' title='bbox 1386 1390 1442 1466; x_wconf 74' lang='lat' dir='ltr'>ubi</span> 
     </span>
     <span class='ocr_line' id='line_1_6' title="bbox 484 1513 1443 1606; baseline 0.003 -21"><span class='ocrx_word' id='word_1_34' title='bbox 484 1535 595 1585; x_wconf 83' lang='lat' dir='ltr'>omnes</span> <span class='ocrx_word' id='word_1_35' title='bbox 608 1516 752 1596; x_wconf 83' lang='lat' dir='ltr'>audivit,</span> <span class='ocrx_word' id='word_1_36' title='bbox 775 1520 866 1584; x_wconf 87' lang='lat' dir='ltr'>nullo</span> <span class='ocrx_word' id='word_1_37' title='bbox 885 1517 1068 1584; x_wconf 85' lang='lat' dir='ltr'>discrimine</span> <span class='ocrx_word' id='word_1_38' title='bbox 1081 1513 1169 1586; x_wconf 82' lang='lat' dir='ltr'>&#39;inter</span> <span class='ocrx_word' id='word_1_39' title='bbox 1181 1525 1365 1606; x_wconf 86' lang='lat' dir='ltr'>provincias</span> <span class='ocrx_word' id='word_1_40' title='bbox 1378 1524 1443 1590; x_wconf 82' lang='lat' dir='ltr'>fac·</span> 
     </span>
     <span class='ocr_line' id='line_1_7' title="bbox 483 1645 1444 1730; baseline 0.004 -22"><span class='ocrx_word' id='word_1_41' title='bbox 483 1658 542 1726; x_wconf 81' lang='lat' dir='ltr'>to,</span> <span class='ocrx_word' id='word_1_42' title='bbox 565 1656 603 1706; x_wconf 88' lang='lat' dir='ltr'>ut</span> <span class='ocrx_word' id='word_1_43' title='bbox 621 1653 726 1706; x_wconf 85' lang='lat' dir='ltr'>narrat</span> <span class='ocrx_word' id='word_1_44' title='bbox 750 1660 826 1707; x_wconf 77' lang='lat' dir='ltr'>vnu</span> <span class='ocrx_word' id='word_1_45' title='bbox 849 1661 924 1708; x_wconf 78' lang='lat' dir='ltr'>neu</span> <span class='ocrx_word' id='word_1_46' title='bbox 948 1657 1053 1711; x_wconf 74' lang='lat' dir='ltr'>cous.</span> <span class='ocrx_word' id='word_1_47' title='bbox 1080 1645 1137 1730; x_wconf 80' lang='lat' dir='ltr'>(en</span> <span class='ocrx_word' id='word_1_48' title='bbox 1156 1647 1292 1712; x_wconf 81' lang='lat' dir='ltr'>Hallont</span> <span class='ocrx_word' id='word_1_49' title='bbox 1307 1645 1444 1714; x_wconf 72' lang='lat' dir='ltr'>&#39;deluat-</span> 
     </span>
     <span class='ocr_line' id='line_1_8' title="bbox 482 1767 809 1854; baseline -0.012 -21"><span class='ocrx_word' id='word_1_50' title='bbox 482 1783 528 1833; x_wconf 77' lang='lat' dir='ltr'>ste</span> <span class='ocrx_word' id='word_1_51' title='bbox 549 1779 676 1854; x_wconf 77' lang='lat' dir='ltr'>gnueest</span> <span class='ocrx_word' id='word_1_52' title='bbox 697 1767 809 1851; x_wconf 77' lang='lat' dir='ltr'>ayn.)</span> 
     </span>
    </p>

    <p class='ocr_par' dir='ltr' id='par_1_2' title="bbox 489 1889 1448 2231">
     <span class='ocr_line' id='line_1_9' title="bbox 524 1889 1446 1974; baseline 0.008 -15"><span class='ocrx_word' id='word_1_53' title='bbox 524 1893 606 1959; x_wconf 88' lang='lat' dir='ltr'>Post</span> <span class='ocrx_word' id='word_1_54' title='bbox 623 1891 790 1974; x_wconf 81' lang='lat' dir='ltr'>prandium</span> <span class='ocrx_word' id='word_1_55' title='bbox 823 1889 962 1955; x_wconf 88' lang='lat' dir='ltr'>Ordines</span> <span class='ocrx_word' id='word_1_56' title='bbox 981 1893 1095 1959; x_wconf 88' lang='lat' dir='ltr'>iterum</span> <span class='ocrx_word' id='word_1_57' title='bbox 1118 1894 1152 1960; x_wconf 92' lang='lat' dir='ltr'>in</span> <span class='ocrx_word' id='word_1_58' title='bbox 1178 1895 1309 1962; x_wconf 86' lang='lat' dir='ltr'>Curiam</span> <span class='ocrx_word' id='word_1_59' title='bbox 1326 1916 1446 1966; x_wconf 84' lang='lat' dir='ltr'>convo·</span> 
     </span>
     <span class='ocr_line' id='line_1_10' title="bbox 491 2014 1448 2100; baseline 0 -11"><span class='ocrx_word' id='word_1_60' title='bbox 491 2029 636 2100; x_wconf 88' lang='lat' dir='ltr'>nerunt,</span> <span class='ocrx_word' id='word_1_61' title='bbox 667 2033 699 2083; x_wconf 88' lang='lat' dir='ltr'>et</span> <span class='ocrx_word' id='word_1_62' title='bbox 714 2014 832 2098; x_wconf 82' lang='lat' dir='ltr'>-raginu</span> <span class='ocrx_word' id='word_1_63' title='bbox 862 2033 960 2096; x_wconf 86' lang='lat' dir='ltr'>quum</span> <span class='ocrx_word' id='word_1_64' title='bbox 985 2036 1059 2082; x_wconf 87' lang='lat' dir='ltr'>cum</span> <span class='ocrx_word' id='word_1_65' title='bbox 1077 2019 1227 2086; x_wconf 87' lang='lat' dir='ltr'>Dominis</span> <span class='ocrx_word' id='word_1_66' title='bbox 1254 2040 1329 2088; x_wconf 79' lang='lat' dir='ltr'>vnn</span> <span class='ocrx_word' id='word_1_67' title='bbox 1360 2043 1448 2089; x_wconf 81' lang='lat' dir='ltr'>uuu-</span> 
     </span>
     <span class='ocr_line' id='line_1_11' title="bbox 489 2129 1445 2231; baseline 0.005 -21"><span class='ocrx_word' id='word_1_68' title='bbox 489 2163 591 2226; x_wconf 65' lang='grc' dir='ltr'>κω,</span> <span class='ocrx_word' id='word_1_69' title='bbox 608 2161 682 2208; x_wconf 79' lang='lat' dir='ltr'>vnn</span> <span class='ocrx_word' id='word_1_70' title='bbox 698 2153 864 2218; x_wconf 66' lang='lat' dir='ltr'>neuneu,</span> <span class='ocrx_word' id='word_1_71' title='bbox 885 2129 1199 2208; x_wconf 78' lang='lat' dir='ltr'>vau&#39;uevrnnuet</span> <span class='ocrx_word' id='word_1_72' title='bbox 1219 2143 1353 2212; x_wconf 77' lang='lat' dir='ltr'>Concilio</span> <span class='ocrx_word' id='word_1_73' title='bbox 1372 2149 1445 2231; x_wconf 76' lang='lat' dir='ltr'>(Se-</span> 
     </span>
    </p>
   </div>
   <div class='ocr_carea' id='block_1_2' title="bbox 390 2264 1446 2350">
    <p class='ocr_par' dir='ltr' id='par_1_3' title="bbox 390 2264 1446 2350">
     <span class='ocr_line' id='line_1_12' title="bbox 390 2264 1446 2350; baseline 0.009 -18"><span class='ocrx_word' id='word_1_74' title='bbox 390 2284 392 2291; x_wconf 78' lang='grc'><em>’</em></span> <span class='ocrx_word' id='word_1_75' title='bbox 483 2282 590 2336; x_wconf 75' lang='lat' dir='ltr'>cretea</span> <span class='ocrx_word' id='word_1_76' title='bbox 606 2265 741 2350; x_wconf 83' lang='lat' dir='ltr'>Raedt)</span> <span class='ocrx_word' id='word_1_77' title='bbox 761 2264 964 2346; x_wconf 86' lang='lat' dir='ltr'>advenisset,</span> <span class='ocrx_word' id='word_1_78' title='bbox 987 2264 1176 2350; x_wconf 85' lang='lat' dir='ltr'>Episcopus</span> <span class='ocrx_word' id='word_1_79' title='bbox 1194 2269 1446 2341; x_wconf 70' lang='lat' dir='ltr'>Panormitanus</span> 
     </span>
    </p>
   </div>
   <div class='ocr_carea' id='block_1_3' title="bbox 398 2381 1460 4324">
    <p class='ocr_par' dir='ltr' id='par_1_4' title="bbox 472 2381 1448 2987">
     <span class='ocr_line' id='line_1_13' title="bbox 472 2381 1447 2482; baseline 0.005 -23"><span class='ocrx_word' id='word_1_80' title='bbox 472 2381 624 2459; x_wconf 76' lang='lat' dir='ltr'>&#39;Ordines</span> <span class='ocrx_word' id='word_1_81' title='bbox 656 2393 816 2457; x_wconf 87' lang='lat' dir='ltr'>allocutus</span> <span class='ocrx_word' id='word_1_82' title='bbox 838 2405 916 2470; x_wconf 84' lang='lat' dir='ltr'>est,</span> <span class='ocrx_word' id='word_1_83' title='bbox 945 2403 977 2455; x_wconf 89' lang='lat' dir='ltr'>et</span> <span class='ocrx_word' id='word_1_84' title='bbox 995 2391 1074 2459; x_wconf 83' lang='lat' dir='ltr'>dixit</span> <span class='ocrx_word' id='word_1_85' title='bbox 1094 2395 1249 2482; x_wconf 79' lang='lat' dir='ltr'>Reginam</span> <span class='ocrx_word' id='word_1_86' title='bbox 1273 2409 1447 2482; x_wconf 85' lang='lat' dir='ltr'>postquam</span> 
     </span>
     <span class='ocr_line' id='line_1_14' title="bbox 487 2515 1446 2606; baseline 0.003 -17"><span class='ocrx_word' id='word_1_87' title='bbox 487 2521 627 2589; x_wconf 87' lang='lat' dir='ltr'>Ordines</span> <span class='ocrx_word' id='word_1_88' title='bbox 655 2519 854 2598; x_wconf 81' lang='lat' dir='ltr'>audivisset,</span> <span class='ocrx_word' id='word_1_89' title='bbox 876 2515 1054 2600; x_wconf 84' lang='lat' dir='ltr'>intelligere</span> <span class='ocrx_word' id='word_1_90' title='bbox 1074 2537 1184 2586; x_wconf 83' lang='lat' dir='ltr'>ornnes</span> <span class='ocrx_word' id='word_1_91' title='bbox 1212 2522 1395 2606; x_wconf 86' lang='lat' dir='ltr'>provincias</span> <span class='ocrx_word' id='word_1_92' title='bbox 1413 2525 1446 2592; x_wconf 89' lang='lat' dir='ltr'>in</span> 
     </span>
     <span class='ocr_line' id='line_1_15' title="bbox 487 2644 1445 2732; baseline -0.003 -18"><span class='ocrx_word' id='word_1_93' title='bbox 487 2646 668 2732; x_wconf 86' lang='lat' dir='ltr'>propositis</span> <span class='ocrx_word' id='word_1_94' title='bbox 707 2646 916 2726; x_wconf 86' lang='lat' dir='ltr'>consentire,</span> <span class='ocrx_word' id='word_1_95' title='bbox 955 2660 986 2710; x_wconf 88' lang='lat' dir='ltr'>et</span> <span class='ocrx_word' id='word_1_96' title='bbox 1011 2644 1195 2724; x_wconf 87' lang='lat' dir='ltr'>praesertim</span> <span class='ocrx_word' id='word_1_97' title='bbox 1231 2644 1265 2709; x_wconf 92' lang='lat' dir='ltr'>in</span> <span class='ocrx_word' id='word_1_98' title='bbox 1293 2644 1445 2732; x_wconf 75' lang='lat' dir='ltr'>Unione3</span> 
     </span>
     <span class='ocr_line' id='line_1_16' title="bbox 490 2765 1448 2859; baseline -0.019 -17"><span class='ocrx_word' id='word_1_99' title='bbox 490 2774 643 2859; x_wconf 79' lang='lat' dir='ltr'>quaedam</span> <span class='ocrx_word' id='word_1_100' title='bbox 672 2786 750 2836; x_wconf 89' lang='lat' dir='ltr'>tunc</span> <span class='ocrx_word' id='word_1_101' title='bbox 779 2766 952 2852; x_wconf 88' lang='lat' dir='ltr'>proposuit</span> <span class='ocrx_word' id='word_1_102' title='bbox 975 2765 1013 2830; x_wconf 90' lang='lat' dir='ltr'>de</span> <span class='ocrx_word' id='word_1_103' title='bbox 1041 2779 1193 2849; x_wconf 84' lang='lat' dir='ltr'>moneta,</span> <span class='ocrx_word' id='word_1_104' title='bbox 1217 2783 1249 2833; x_wconf 86' lang='lat' dir='ltr'>et</span> <span class='ocrx_word' id='word_1_105' title='bbox 1273 2769 1323 2834; x_wconf 89' lang='lat' dir='ltr'>die</span> <span class='ocrx_word' id='word_1_106' title='bbox 1344 2773 1448 2854; x_wconf 76' lang='lat' dir='ltr'><strong>3Au.</strong></span> 
     </span>
     <span class='ocr_line' id='line_1_17' title="bbox 489 2893 1033 2987; baseline -0.018 -19"><span class='ocrx_word' id='word_1_107' title='bbox 489 2900 574 2987; x_wconf 81' lang='lat' dir='ltr'>gusti</span> <span class='ocrx_word' id='word_1_108' title='bbox 598 2897 737 2964; x_wconf 90' lang='lat' dir='ltr'>Ordines</span> <span class='ocrx_word' id='word_1_109' title='bbox 754 2893 902 2962; x_wconf 87' lang='lat' dir='ltr'>abierunt</span> <span class='ocrx_word' id='word_1_110' title='bbox 919 2893 1033 2976; x_wconf 82' lang='lat'><em>(22).</em></span> 
     </span>
    </p>

    <p class='ocr_par' dir='ltr' id='par_1_5' title="bbox 398 3017 1452 3722">
     <span class='ocr_line' id='line_1_18' title="bbox 530 3017 1451 3102; baseline -0.001 -8"><span class='ocrx_word' id='word_1_111' title='bbox 530 3028 619 3095; x_wconf 77' lang='lat' dir='ltr'>E&#39;cce</span> <span class='ocrx_word' id='word_1_112' title='bbox 651 3033 830 3087; x_wconf 85' lang='lat' dir='ltr'>conventus</span> <span class='ocrx_word' id='word_1_113' title='bbox 847 3017 1035 3102; x_wconf 81' lang='lat' dir='ltr'>&#39;Ordinunr,</span> <span class='ocrx_word' id='word_1_114' title='bbox 1054 3018 1115 3086; x_wconf 87' lang='lat' dir='ltr'>ubi</span> <span class='ocrx_word' id='word_1_115' title='bbox 1138 3029 1229 3101; x_wconf 79' lang='lat' dir='ltr'>non,</span> <span class='ocrx_word' id='word_1_116' title='bbox 1254 3022 1301 3088; x_wconf 92' lang='lat' dir='ltr'>uti</span> <span class='ocrx_word' id='word_1_117' title='bbox 1333 3025 1451 3093; x_wconf 83' lang='lat' dir='ltr'>hucus-</span> 
     </span>
     <span class='ocr_line' id='line_1_19' title="bbox 484 3142 1451 3238; baseline -0.008 -16"><span class='ocrx_word' id='word_1_118' title='bbox 484 3169 555 3238; x_wconf 68' lang='lat' dir='ltr'>tque</span> <span class='ocrx_word' id='word_1_119' title='bbox 565 3153 604 3219; x_wconf 90' lang='lat' dir='ltr'>de</span> <span class='ocrx_word' id='word_1_120' title='bbox 621 3144 774 3220; x_wconf 85' lang='lat' dir='ltr'>subsidiis</span> <span class='ocrx_word' id='word_1_121' title='bbox 791 3161 822 3212; x_wconf 88' lang='lat' dir='ltr'>et</span> <span class='ocrx_word' id='word_1_122' title='bbox 837 3149 876 3212; x_wconf 89' lang='lat' dir='ltr'>de</span> <span class='ocrx_word' id='word_1_123' title='bbox 893 3144 1127 3230; x_wconf 86' lang='lat' dir='ltr'>vectigalibus,</span> <span class='ocrx_word' id='word_1_124' title='bbox 1148 3142 1257 3208; x_wconf 81' lang='lat' dir='ltr'>sedda</span> <span class='ocrx_word' id='word_1_125' title='bbox 1273 3144 1369 3214; x_wconf 87' lang='lat' dir='ltr'>rebus</span> <span class='ocrx_word' id='word_1_126' title='bbox 1385 3167 1451 3214; x_wconf 86' lang='lat' dir='ltr'>nra·</span> 
     </span>
     <span class='ocr_line' id='line_1_20' title="bbox 398 3265 1450 3371; baseline -0.014 -21"><span class='ocrx_word' id='word_1_127' title='bbox 398 3305 405 3320; x_wconf 94' lang='grc'>··</span> <span class='ocrx_word' id='word_1_128' title='bbox 487 3280 573 3371; x_wconf 76' lang='lat' dir='ltr'>&#39;jonis</span> <span class='ocrx_word' id='word_1_129' title='bbox 599 3273 753 3362; x_wconf 88' lang='lat' dir='ltr'>ponderis</span> <span class='ocrx_word' id='word_1_130' title='bbox 771 3284 904 3354; x_wconf 86' lang='lat' dir='ltr'>egerunt</span> <span class='ocrx_word' id='word_1_131' title='bbox 923 3267 1077 3334; x_wconf 85' lang='lat' dir='ltr'>Ordines.</span> <span class='ocrx_word' id='word_1_132' title='bbox 1118 3265 1252 3330; x_wconf 85' lang='lat' dir='ltr'>Nullam</span> <span class='ocrx_word' id='word_1_133' title='bbox 1267 3267 1301 3333; x_wconf 93' lang='lat' dir='ltr'>in</span> <span class='ocrx_word' id='word_1_134' title='bbox 1316 3271 1366 3335; x_wconf 90' lang='lat' dir='ltr'>his</span> <span class='ocrx_word' id='word_1_135' title='bbox 1386 3290 1450 3334; x_wconf 57' lang='lat' dir='ltr'>rna*</span> 
     </span>
     <span class='ocr_line' id='line_1_21' title="bbox 488 3387 1452 3492; baseline -0.017 -22"><span class='ocrx_word' id='word_1_136' title='bbox 488 3408 594 3492; x_wconf 69' lang='lat' dir='ltr'>iorem</span> <span class='ocrx_word' id='word_1_137' title='bbox 620 3395 839 3464; x_wconf 83' lang='lat' dir='ltr'>auctoritatem</span> <span class='ocrx_word' id='word_1_138' title='bbox 870 3389 1049 3470; x_wconf 85' lang='lat' dir='ltr'>Ordinum,</span> <span class='ocrx_word' id='word_1_139' title='bbox 1083 3388 1141 3454; x_wconf 82' lang='lat' dir='ltr'>sed</span> <span class='ocrx_word' id='word_1_140' title='bbox 1162 3387 1342 3456; x_wconf 85' lang='lat' dir='ltr'>absoiutam</span> <span class='ocrx_word' id='word_1_141' title='bbox 1374 3389 1452 3456; x_wconf 85' lang='lat' dir='ltr'>obe-</span> 
     </span>
     <span class='ocr_line' id='line_1_22' title="bbox 495 3515 1452 3603; baseline -0.009 -8"><span class='ocrx_word' id='word_1_142' title='bbox 495 3523 645 3595; x_wconf 81' lang='lat' dir='ltr'>dientiam</span> <span class='ocrx_word' id='word_1_143' title='bbox 654 3519 788 3588; x_wconf 87' lang='lat' dir='ltr'>decretis</span> <span class='ocrx_word' id='word_1_144' title='bbox 799 3515 962 3603; x_wconf 81' lang='lat' dir='ltr'>Reginae,</span> <span class='ocrx_word' id='word_1_145' title='bbox 981 3517 1068 3584; x_wconf 89' lang='lat' dir='ltr'>utiin</span> <span class='ocrx_word' id='word_1_146' title='bbox 1083 3517 1452 3603; x_wconf 75' lang='lat' dir='ltr'>praecedentibusrnve-</span> 
     </span>
     <span class='ocr_line' id='line_1_23' title="bbox 489 3639 1042 3722; baseline -0.025 0"><span class='ocrx_word' id='word_1_147' title='bbox 489 3653 599 3722; x_wconf 85' lang='lat' dir='ltr'>nimus</span> <span class='ocrx_word' id='word_1_148' title='bbox 617 3647 782 3716; x_wconf 89' lang='lat' dir='ltr'>Comitiis.</span> <span class='ocrx_word' id='word_1_149' title='bbox 1037 3639 1042 3653; x_wconf 84' lang='lat'>&#39;</span> 
     </span>
    </p>

    <p class='ocr_par' dir='ltr' id='par_1_6' title="bbox 399 3770 1457 4218">
     <span class='ocr_line' id='line_1_24' title="bbox 533 3770 1455 3854; baseline -0.009 -8"><span class='ocrx_word' id='word_1_150' title='bbox 533 3777 652 3846; x_wconf 88' lang='lat' dir='ltr'>Inutile</span> <span class='ocrx_word' id='word_1_151' title='bbox 679 3773 776 3841; x_wconf 91' lang='lat' dir='ltr'>nobis</span> <span class='ocrx_word' id='word_1_152' title='bbox 799 3771 927 3839; x_wconf 88' lang='lat' dir='ltr'>videtur</span> <span class='ocrx_word' id='word_1_153' title='bbox 956 3789 1098 3840; x_wconf 87' lang='lat' dir='ltr'>enarrare</span> <span class='ocrx_word' id='word_1_154' title='bbox 1124 3770 1229 3839; x_wconf 85' lang='lat' dir='ltr'>omnia</span> <span class='ocrx_word' id='word_1_155' title='bbox 1247 3791 1326 3854; x_wconf 85' lang='lat' dir='ltr'>quae</span> <span class='ocrx_word' id='word_1_156' title='bbox 1347 3772 1455 3838; x_wconf 79' lang='lat' dir='ltr'>habita</span> 
     </span>
     <span class='ocr_line' id='line_1_25' title="bbox 488 3894 1455 3978; baseline -0.007 -10"><span class='ocrx_word' id='word_1_157' title='bbox 488 3897 628 3968; x_wconf 68' lang='lat' dir='ltr'>²fuerunt</span> <span class='ocrx_word' id='word_1_158' title='bbox 647 3897 811 3978; x_wconf 87' lang='lat' dir='ltr'>Comitia,</span> <span class='ocrx_word' id='word_1_159' title='bbox 836 3917 934 3978; x_wconf 90' lang='lat' dir='ltr'>quum</span> <span class='ocrx_word' id='word_1_160' title='bbox 959 3895 1040 3962; x_wconf 86' lang='lat' dir='ltr'>nihil</span> <span class='ocrx_word' id='word_1_161' title='bbox 1067 3894 1180 3961; x_wconf 88' lang='lat' dir='ltr'>inillis</span> <span class='ocrx_word' id='word_1_162' title='bbox 1204 3895 1290 3959; x_wconf 83' lang='lat' dir='ltr'>aliud</span> <span class='ocrx_word' id='word_1_163' title='bbox 1310 3907 1455 3976; x_wconf 80' lang='lat' dir='ltr'>ageretur</span> 
     </span>
     <span class='ocr_line' id='line_1_26' title="bbox 399 4016 1457 4108; baseline -0.005 -17"><span class='ocrx_word' id='word_1_164' title='bbox 399 4029 402 4038; x_wconf 90' lang='lat'>&#39;</span> <span class='ocrx_word' id='word_1_165' title='bbox 496 4041 615 4108; x_wconf 84' lang='lat' dir='ltr'>quarn,</span> <span class='ocrx_word' id='word_1_166' title='bbox 639 4022 687 4087; x_wconf 93' lang='lat' dir='ltr'>uti</span> <span class='ocrx_word' id='word_1_167' title='bbox 705 4023 874 4099; x_wconf 80' lang='lat' dir='ltr'>hucusque</span> <span class='ocrx_word' id='word_1_168' title='bbox 893 4016 1056 4102; x_wconf 88' lang='lat' dir='ltr'>vidimus,</span> <span class='ocrx_word' id='word_1_169' title='bbox 1078 4022 1116 4086; x_wconf 93' lang='lat' dir='ltr'>de</span> <span class='ocrx_word' id='word_1_170' title='bbox 1136 4017 1248 4101; x_wconf 88' lang='lat' dir='ltr'>petitis</span> <span class='ocrx_word' id='word_1_171' title='bbox 1271 4031 1303 4082; x_wconf 86' lang='lat' dir='ltr'>et</span> <span class='ocrx_word' id='word_1_172' title='bbox 1316 4035 1457 4086; x_wconf 70' lang='lat' dir='ltr'>eonces-</span> 
     </span>
     <span class='ocr_line' id='line_1_27' title="bbox 492 4134 968 4218; baseline -0.017 0"><span class='ocrx_word' id='word_1_173' title='bbox 492 4150 546 4218; x_wconf 79' lang='lat' dir='ltr'>sis</span> <span class='ocrx_word' id='word_1_174' title='bbox 564 4144 732 4216; x_wconf 84' lang='lat' dir='ltr'>subsidiis.</span> <span class='ocrx_word' id='word_1_175' title='bbox 964 4134 968 4142; x_wconf 85' lang='grc'><strong>’</strong></span> 
     </span>
    </p>

    <p class='ocr_par' dir='ltr' id='par_1_7' title="bbox 683 4231 1460 4324">
     <span class='ocr_line' id='line_1_28' title="bbox 683 4231 1460 4324; baseline -0.012 -18"><span class='ocrx_word' id='word_1_176' title='bbox 683 4245 687 4252; x_wconf 89' lang='grc'><strong>’</strong></span> <span class='ocrx_word' id='word_1_177' title='bbox 744 4231 749 4240; x_wconf 79' lang='grc'>’</span> <span class='ocrx_word' id='word_1_178' title='bbox 1352 4231 1460 4324; x_wconf 73' lang='lat' dir='ltr'>Onnit-</span> 
     </span>
    </p>
   </div>
   <div class='ocr_carea' id='block_1_4' title="bbox 518 4389 1439 4558">
    <p class='ocr_par' dir='ltr' id='par_1_8' title="bbox 518 4389 1439 4558">
     <span class='ocr_line' id='line_1_29' title="bbox 518 4389 1439 4471; baseline 0.013 -21"><span class='ocrx_word' id='word_1_179' title='bbox 518 4399 601 4471; x_wconf 64' lang='lat' dir='ltr'>sta)</span> <span class='ocrx_word' id='word_1_180' title='bbox 617 4402 677 4460; x_wconf 79' lang='lat' dir='ltr'>vra.</span> <span class='ocrx_word' id='word_1_181' title='bbox 700 4411 770 4457; x_wconf 78' lang='lat' dir='ltr'>vara</span> <span class='ocrx_word' id='word_1_182' title='bbox 790 4413 856 4458; x_wconf 78' lang='lat' dir='ltr'>an</span> <span class='ocrx_word' id='word_1_183' title='bbox 877 4408 983 4467; x_wconf 76' lang='lat' dir='ltr'>aona,</span> <span class='ocrx_word' id='word_1_184' title='bbox 1004 4394 1139 4462; x_wconf 56' lang='lat' dir='ltr'>derisui.</span> <span class='ocrx_word' id='word_1_185' title='bbox 1156 4389 1223 4454; x_wconf 61' lang='grc' dir='ltr'>αἱ·</span> <span class='ocrx_word' id='word_1_186' title='bbox 1247 4414 1275 4464; x_wconf 83' lang='lat' dir='ltr'>r·</span> <span class='ocrx_word' id='word_1_187' title='bbox 1290 4405 1439 4462; x_wconf 62' lang='lat' dir='ltr'>&#39;asa-nto</span> 
     </span>
     <span class='ocr_line' id='line_1_30' title="bbox 1027 4493 1055 4558; baseline 0 0"><span class='ocrx_word' id='word_1_188' title='bbox 1027 4493 1055 4558; x_wconf 81' lang='lat' dir='ltr'>F</span> 
     </span>
    </p>
   </div>
   <div class='ocr_carea' id='block_1_5' title="bbox 0 0 2333 6338">
    <p class='ocr_par' dir='ltr' id='par_1_9' title="bbox 0 0 2333 6338">
     <span class='ocr_line' id='line_1_31' title="bbox 0 0 2333 6338; baseline 0 0"><span class='ocrx_word' id='word_1_189' title='bbox 0 0 2333 6338; x_wconf 95' lang='lat' dir='ltr'> </span> 
     </span>
    </p>
   </div>
  </div>
 </body>
</html>
