4700 6324
808 819 869 890 124
899 841 904 850 ·

805 983 860 1052 diu
887 985 986 1069 igitur
1014 983 1226 1067 Dunquereae
1251 986 1375 1068 legatos
1404 989 1676 1070 exspectavisse,
1701 1005 1772 1063 tan-

805 1115 876 1180 dem
913 1113 945 1180 in
979 1111 1115 1178 Gallium
1143 1109 1311 1196 profectus
1339 1123 1389 1175 est
1414 1111 1693 1200 'Annneorrrus3
1717 1135 1774 1184 res

809 1240 923 1305 endem
952 1254 1039 1305 statu
1065 1254 1262 1306 manserunt.

765 1399 771 1412 ·
851 1365 968 1434 Mense
993 1366 1072 1451 Julii
1100 1365 1239 1430 Ordines
1268 1364 1442 1430 Generules
1468 1347 1590 1430 iterum'
1609 1386 1771 1436 convoca·

809 1509 899 1562 vernt
938 1494 1095 1572 Princeps
1132 1489 1373 1557 Annusrncus
1411 1491 1699 1575 Medioburgurn,
1738 1493 1774 1562 in

811 1638 948 1702 quorum
978 1632 1174 1684 conventum
1201 1617 1349 1700 pervenit
1378 1617 1501 1699 legatus
1522 1615 1626 1683 Ducis
1648 1617 1771 1683 Auerr-

810 1743 1027 1834 qonn‚-qui
1062 1747 1197 1810 multum
1226 1744 1356 1829 jactavit
1391 1742 1520 1826 patroni
1554 1743 1609 1808 sui
1635 1741 1775 1808 animum

694 1891 700 1910 t
812 1892 885 1956 erga
912 1870 1074 1950 Ordines,
1092 1883 1125 1936 et
1152 1869 1312 1954 gloriatus
1330 1883 1378 1936 est
1397 1887 1469 1938 eurn
1492 1887 1579 1936 nune
1605 1888 1666 1951 pro
1684 1861 1777 1952 Rege

809 1999 1070 2068 Gubernatorem
1100 1997 1303 2084 (algentem
1325 1994 1579 2084 Steedehouder)
1601 1995 1705 2061 multo
1728 1993 1779 2060 ef-

810 2125 941 2192 ficacius
976 2123 1155 2190 Ordinibus
1183 2139 1313 2206 praesto
1341 2093 1425 2190 esse
1455 2141 1572 2206 posse.
1612 2121 1780 2188 Praeterea

810 2249 930 2320 addidit
945 2223 1090 2330 legatus,
1108 2245 1283 2314 nominum
1302 2262 1397 2310 suurn
1417 2247 1509 2310 nullu
1521 2244 1709 2312 conditione
1725 2265 1776 2310 re·

810 2379 964 2446 lictururn
994 2390 1063 2440 esse
1088 2374 1185 2456 jure,
1209 2369 1328 2453 quibus
1346 2367 1381 2434 in
1406 2366 1457 2432 iris
1483 2365 1660 2449 provinciis
1686 2367 1776 2434 frue-

809 2506 927 2584 batur3
945 2498 1064 2582 quibus
1084 2495 1235 2562 omnibus
1255 2493 1398 2574 auditis,
1420 2492 1560 2560 Ordines
1584 2493 1784 2560 Brabuntiae

813 2632 847 2700 in
867 2640 1031 2696 conventu
1052 2622 1209 2690 Ordinunr
1232 2620 1438 2698 Generniiurn
1459 2633 1720 2702 proposuerunt,
1742 2631 1785 2686 ut

812 2775 934 2826 novum
962 2770 1037 2820 curn
1065 2751 1289 2834 Annneourn
1318 2745 1434 2814 foedus
1472 2745 1622 2828 inirent3
1654 2760 1783 2814 contre:

813 2883 892 2950 rien
921 2877 1100 2946 eniserunt
1113 2874 1303 2942 sententiani
1321 2871 1490 2940 Flandriae
1506 2870 1645 2938 Ordines
1667 2872 1776 2959 (62).

816 3003 1007 3076 Horlandue
1027 3015 1059 3065 et
1080 2998 1252 3066 zelandiae
1270 2998 1410 3064 Ordines
1439 2993 1611 3078 seperatim
1638 2994 1785 3080 Princip't

814 3133 1034 3201 Ansusrnco.
1063 3121 1219 3192 miseruut
1239 3125 1388 3206 legatos,
1413 3118 1470 3200 qui
1495 3116 1716 3190 dissuaderent
1739 3139 1785 3188 ne

818 3275 890 3324 cunr
912 3251 1018 3318 Gallis
1045 3263 1164 3334 ageret.
1198 3245 1422 3316 Nihilominus
1445 3245 1671 3314 Gutrntuus
1692 3245 1787 3328 Prin·¹

817 3401 895 3465 ceps
915 3375 1022 3446 effecit
1041 3390 1079 3444 ut
1100 3374 1239 3444 Ordines
1253 3374 1428 3444 Generales
1449 3377 1574 3458 lerneus
1592 3371 1627 3438 in
1643 3369 1781 3438 Gallium

820 3509 982 3576 mitterent
991 3522 1006 3584 3w
1035 3499 1093 3566 sed
1125 3501 1200 3568 dum
1228 3501 1307 3569 haee
1338 3500 1448 3575 onnia
1474 3513 1668 3585 agerentur,
1698 3518 1787 3566 rnor-

819 3647 897 3698 tuus
929 3623 1086 3692 est-nus
1120 3623 1363 3720 Annneonrns
1402 3625 1454 3688 die
1488 3643 1528 3688 ro
1552 3624 1639 3708 Mrji
1675 3630 1782 3707 1584,
1839 3635 1841 3642 ’

822 3755 880 3838 qui
903 3769 977 3818 eum
1000 3747 1120 3816 liberos
1143 3751 1254 3814 nullos
1281 3746 1489 3828 reliquisset,
1514 3747 1654 3816 Ordines
1672 3748 1786 3822 Gene·
1893 3832 1898 3842 Ι

822 3883 927 3958 tales,
952 3873 1127 3945 secundum
1148 3873 1265 3946 foedus
1282 3873 1537 3956 Burdigalense,
1560 3874 1616 3945 sui
1640 3874 1787 3960 Principi

818 4003 945 4092 imperii
969 3999 1275 4070 administrationem
1300 3997 1424 4066 deferre
1446 4013 1639 4084 potuerunt.

1672 4125 1788 4218 Quum

849 4308 926 4378 (ta)
947 4305 1007 4367 vid.
1028 4318 1096 4386 verr
1111 4309 1331 4388 urentur·
1352 4305 1410 4364 ut.
1427 4305 1473 4362 xi.
1495 4306 1546 4364 iei-
1560 4315 1621 4371 w
