4656 6318
927 841 1052 893 -
1404 851 1475 945 -1'69

929 898 1052 920 m

500 1017 571 1116 'areg
589 1045 630 1112 κ]
649 1024 782 1092 darton
804 1036 835 1086 te
855 1021 998 1107 houden,
1023 1049 1072 1095 om
1093 1031 1226 1100 ''slands
1244 1041 1412 1124 regecrr'ng
1433 1057 1470 1130 op

502 1173 601 1219 senen
627 1150 751 1216 deterere
784 1163 852 1214 raet
880 1165 911 1214 te
935 1139 1092 1239 benger,-
1122 1177 1203 1239 quae
1236 1158 1334 1227 verba
1361 1161 1466 1244 primo

506 1281 584 1346 loco
611 1277 705 1346 nimis
728 1279 886 1360 generalia
909 1293 1010 1361 sunt,
1043 1299 1114 1346 cum
1142 1283 1330 1368 videamus,
1381 1285 1468 1352 Hol-

502 1402 630 1470 landiae
655 1403 852 1485 provinciam
877 1407 978 1470 solam
1010 1404 1074 1469 hoc
1101 1407 1281 1477 decrevisse
1306 1413 1468 1495 jusjuran-

508 1529 606 1594 duma
640 1541 802 1610 practerea
824 1544 892 1593 non
918 1526 1147 1613 intelligimus,
1178 1535 1343 1614 quomodo
1368 1535 1467 1602 actio·

506 1668 590 1730 nes,
621 1667 701 1732 quae¹
727 1652 766 1716 ad
794 1649 1040 1734 perturbandam
1073 1654 1301 1738 rempublicam
1323 1658 1467 1742 faciant,

511 1774 620 1840 vocari
648 1773 776 1856 possint
810 1795 881 1841 eene
900 1781 1021 1864 prging
1048 1801 1096 1846 om
1125 1798 1162 1870 op
1189 1781 1313 1851 botoron
1333 1801 1407 1852 'eost
1438 1801 1469 1851 te

505 1895 660 1986 brengen.

506 2055 510 2063 ·
552 2025 700 2092 Decretis
720 2027 888 2096 Grdinum
916 2030 1113 2098 morianulae
1137 2033 1366 2119 rempublicam
1395 2055 1469 2120 per·

505 2149 633 2216 turbari
654 2150 827 2232 debuisse,
851 2173 945 2220 nemo
963 2174 1030 2223 non
1048 2154 1142 2222 facile
1157 2161 1375 2244 perspexerit:
1399 2181 1472 2230 narn

507 2277 540 2344 si
564 2294 631 2342 non
663 2277 763 2338 solam
801 2277 962 2346 Unionem
989 2283 1199 2366 respicimus,
1231 2308 1344 2354 verum
1375 2293 1469 2358 etiam

509 2395 732 2472 auctoritatem
759 2395 980 2467 Gubernatori
998 2403 1151 2473 Generali
1172 2409 1346 2494 tributam,
1370 2434 1470 2500 appa·

508 2537 583 2601 ret,
607 2535 718 2584 omnes
736 2515 864 2595 quidem
883 2519 1065 2602 provincias
1080 2528 1185 2595 eadem
1200 2534 1272 2616 jura
1290 2513 1469 2620 habuisse,

514 2661 652 2728 quorum
674 2643 839 2709 nonnullis
857 2663 924 2712 non
947 2645 1011 2713 nisi
1024 2650 1238 2717 communiter
1255 2655 1302 2719 uti
1319 2673 1468 2740 poterant

509 2766 717 2854 provinciae3
739 2785 852 2832 verum
872 2768 1011 2837 vidimus
1033 2792 1186 2856 quoque,
1206 2795 1340 2863 propter
1357 2800 1471 2854 aucto·

505 2897 637 2964 'ritatem
661 2894 896 2960 ercrsrnto
923 2909 956 2960 et
980 2895 1115 2965 Concilio
1142 2921 1349 2988 concessam,
1373 2908 1472 2978 Ordi.

511 3025 613 3093 nibus
632 3039 699 3088 non
724 3018 856 3085 licuisse
879 3034 916 3086 ut
940 3021 980 3087 dc
1005 3021 1118 3089 militia
1133 3038 1166 3090 et
1186 3024 1468 3102 Gubernatoribus

510 3160 708 3226 statuerent,
739 3144 815 3210 dum
855 3142 902 3208 illi
934 3141 1118 3212 fruerentur
1152 3151 1341 3219 auctoritate
1371 3176 1465 3236 quam

513 3290 612 3356 supra
636 3265 864 3349 descripsimus
888 3267 1004 3348 (39).
1050 3267 1202 3335 Mandata
1231 3271 1352 3355 igitur,
1386 3299 1467 3359 quae

476 3439 478 3444 ,
507 3399 551 3464 ab
579 3393 757 3462 Ordinibus
786 3373 976 3457 Hollandite
1003 3391 1277 3480 decernebantur,
1312 3406 1469 3474 contraria

512 3543 583 3591 esse
617 3533 766 3606 poterant
780 3505 782 3508 ’
796 3517 950 3584 mandatis
980 3516 1215 3588 Gubernatoris
1241 3524 1408 3596 Generalis
1436 3547 1469 3599 et

510 3651 667 3729 Concidit}
699 3662 731 3712 et
758 3643 830 3728 quis
856 3643 1038 3726 praevideat
1054 3645 1190 3730 turbas,
1217 3669 1297 3732 quae
1314 3652 1346 3720 in
1369 3657 1470 3740 impe.

506 3779 563 3844 rio
587 3770 716 3840 excitari
735 3784 875 3854 possunt
900 3788 939 3834 ex
957 3773 1173 3838 controversis
1196 3774 1332 3844 decretis
1348 3784 1464 3848 summi

508 3895 724 3982 imperantis?

1368 4031 1477 4102 Num·

543 4189 622 4254 (sp)
645 4185 705 4242 vicl.
729 4187 863 4252 Κιυιτ,
883 4185 996 4237 Hirtam
1012 4188 1058 4238 der
1079 4179 1146 4248 lion.
1169 4192 1309 4259 srmmg.
1334 4202 1367 4258 D,
1381 4203 1414 4261 11,
1435 4220 1464 4272 p,

511 4281 670 4347 ad-ale·
1543 4283 1552 4302 “’

1042 4400 1074 4470 ‘Y
