4700 6324
835 759 895 822 108
1257 752 1367 814 Ξ

833 951 1104 1022 proposuerant,
1138 950 1174 1006 ut
1209 959 1243 1006 se
1276 937 1412 1026 ange
1449 956 1672 1022 segregarent:
1710 946 1797 1034 qnod

734 1077 736 1084 ¹
838 1059 1042 1140 propositum
1066 1077 1142 1132 tunc
1166 1067 1346 1151 rejecerunt
1367 1065 1518 1145 quaedam
1537 1065 1635 1133 urbes
1656 1083 1687 1133 et
1707 1067 1800 1134 Prin·

722 1180 726 1187 ’
839 1200 917 1267 ceps
943 1185 1214 1270 dodonaeus,
1248 1188 1304 1270 qui
1328 1188 1387 1254 irae
1415 1185 1447 1252 in
1479 1207 1513 1253 re
1540 1189 1724 1258 consentire
1742 1210 1805 1258 no·

838 1311 922 1395 luit,
953 1314 1029 1379 duan
1056 1311 1250 1397 praecipuae
1280 1308 1475 1376 Hollandiae
1502 1311 1622 1391 urbes,
1651 1313 1699 1379 uti
1727 1316 1806 1380 rim·

833 1439 1051 1514 ,stelodaurunr
1075 1451 1106 1499 et
1134 1437 1339 1513 Harlemurn,
1367 1431 1407 1498 ab
1426 1432 1581 1518 Hispanis
1605 1437 1809 1522 occupabam·
1924 1445 1926 1450 '

741 1623 742 1628 ,
844 1573 911 1627 tur.
944 1561 1146 1644 Curarem,
1165 1579 1248 1628 anno
1270 1563 1374 1644 1580,
1394 1558 1468 1625 illae
1484 1561 1581 1626 urbes
1601 1561 1802 1643 expulissent

842 1685 1042 1771 Hispanos,
1074 1687 1155 1752 idem
1186 1677 1300 1788 iterum
1326 1683 1532 1765 propositum
1561 1677 1624 1751 fuit
1652 1686 1686 1752 in
1709 1685 1809 1771 Ordi-

841 1827 918 1878 num
936 1803 1126 1876 Hollandiae
1146 1823 1257 1874 coetu.
1300 1809 1401 1896 Quod
1417 1824 1519 1892 tunc,
1540 1811 1592 1876 die
1611 1813 1651 1878 28
1663 1809 1808 1892 Marus,

845 1951 1027 2004 statuerunt
1056 1935 1217 2016 Ordines²
1251 1934 1396 2018 quamvis
1427 1935 1650 2003 executionem
1675 1939 1714 2001 ad
1730 1953 1810 2018 tenr-

844 2077 908 2140 pus
934 2058 1060 2125 differre
1086 2061 1319 2139 decreverunt,
1350 2037 1434 2125 cum⁵
1449 2064 1512 2127 tale
1539 2059 1700 2126 decretum
1733 2078 1829 2128 mox·

845 2182 966 2246 laturos
996 2197 1066 2242 esse
1091 2180 1231 2244 Ordines
1255 2179 1433 2246 Generales
1451 2191 1672 2261 exspectarent
1687 2185 1706 2264 (
1717 2161 1804 2278 36).

842 2307 912 2394 Janr
926 2279 1135 2390 ¹menseMaJi
1151 2323 1237 2372 anno
1258 2303 1393 2390 1581in
1416 2302 1574 2367 Ordinum
1597 2301 1806 2377 Generalium

845 2443 1006 2498 conventu
1015 2428 1224 2496 deliberatum
1243 2443 1316 2510 est,
1333 2443 1441 2493 utrum
1454 2425 1526 2491 Rex
1540 2427 1713 2509 Hispaniae
1723 2451 1810 2501 esset

846 2553 1043 2640 abiuraudus
1072 2555 1243 2638 hostisque
1273 2550 1515 2620 declarandusa
1556 2550 1610 2616 cui
1634 2552 1808 2636 proposito

794 2725 797 2730 ·
846 2679 1002 2748 assentire
1035 2695 1112 2748 tunc
1135 2682 1313 2748 noluerunt
1339 2673 1529 2744 Brabantiae
1560 2693 1594 2746 et
1619 2677 1813 2752 Hollandiae

846 2804 988 2874 Ordines
1006 2777 1020 2871 ’ί
1037 2803 1126 2890 37).

890 2928 1010 2995 Mense
1023 2926 1103 3012 Julii
1120 2925 1249 3007 quidem
1263 2923 1404 2996 Ordines
1420 2929 1595 2998 Generales
1615 2928 1738 3014 Regem
1753 2931 1814 3000 de·

846 3071 953 3120 serere
972 3052 1210 3131 decreverunt,
1233 3049 1278 3117 ita
1295 3064 1333 3116 ut
1347 3053 1433 3138 jam,
1461 3049 1514 3118 die
1543 3056 1586 3120 ad
1598 3051 1677 3138 Julii
1699 3059 1809 3140 1581,

849 3177 991 3244 edictum
1013 3174 1145 3244 nomine
1174 3171 1333 3241 Ordinum
1359 3175 1568 3245 Generalium
1594 3181 1813 3266 promulgare·

850 3313 926 3381 tur,
952 3315 1019 3381 quo
1039 3296 1114 3364 Rex
1132 3295 1308 3382 Hispaniae
1326 3298 1530 3388 abjurabatur
1547 3296 1656 3388 (38).

893 3424 1011 3490 variae
1026 3423 1066 3488 de
1082 3421 1145 3484 hoc
1162 3420 1292 3491 decreto
1321 3425 1472 3496 feruntur
1488 3423 1685 3512 ppinionea.
1731 3423 1817 3494 Sunt

855 3547 910 3633 qui
928 3559 1045 3629 putent
1064 3543 1179 3612 inutile
1194 3543 1320 3626 fuisse,
1341 3567 1416 3614 cum
1440 3553 1506 3634 jam
1525 3519 1583 3616 diu
1605 3545 1812 3631 reliquissent

849 3674 1060 3746 Pututreuaa
1088 3665 1250 3752 Ordines3
1280 3683 1358 3740 suut
1387 3673 1466 3758 alii,
1496 3673 1553 3758 qui
1579 3671 1720 3740 Ordines
1744 3670 1813 3740 Ge-

1753 3817 1814 3868 m.

884 4004 959 4074 (fl)
983 4003 1044 4058 vu.
1065 4003 1146 4059 Rara.
1166 4017 1216 4054 aa·
1228 4001 1297 4060 non.
1318 4002 1440 4070 snm,
1456 4006 1492 4057 a!
1504 4003 1598 4054 mare
1611 4004 1684 4068 ¹6⁸0·
1704 3999 1752 4058 iol.
1766 4013 1815 4070 ap,
1868 4047 1872 4052 .

853 4109 896 4162 ⁴⁴·
915 4105 943 4144 et
957 4095 1081 4160 ιμμίἱ
1095 4098 1163 4156 rut.
1185 4096 1235 4152 soh
1249 4108 1304 4159 ⁸5⁵·

884 4183 963 4252 (η)
982 4185 1043 4236 vta·
1067 4187 1210 4241 aternu·
1223 4185 1291 4240 Heu.
1312 4185 1454 4253 dstJuy
1468 4187 1539 4248 reta·
1563 4188 1611 4240 rol·
1625 4197 1760 4252 asena

877 4271 960 4346 ω)
980 4273 1042 4332 tte.
1066 4273 1365 4344 ornatura-saue,
1379 4279 1445 4336 no.
1469 4279 1573 4342 rnna
