4656 6318
877 885 945 960 tue
1301 879 1426 928 -Ι

1302 933 1424 956 m

924 1059 960 1126 Si
988 1056 1064 1124 huic
1089 1064 1243 1144 potestati
1274 1066 1427 1134 addamus
1455 1066 1700 1144 insuueuomu
1729 1077 1840 1147 Conci.

880 1183 951 1264 lii,
984 1197 1018 1250 et
1044 1188 1279 1270 perpendamus
1311 1192 1533 1263 auctoritatem
1569 1199 1712 1270 Comitis
1746 1205 1844 1276 Ler-

880 1329 1061 1394 cesratr,
1089 1313 1182 1380 ducis
1216 1312 1382 1394 copiarum
1410 1320 1652 1410 Anglicantm,
1684 1334 1841 1404 exereitus

885 1431 1080 1516 ordinum,
1119 1451 1280 1517 praeterea
1312 1457 1541 1533 potestatem,
1581 1474 1675 1535 quam
1708 1461 1844 1532 habenae

882 1571 1043 1636 quatenus
1073 1557 1282 1626 Gubernator
1310 1584 1377 1636 erat
1408 1575 1551 1642 omnium
1578 1583 1843 1670 provinciarum,

882 1699 985 1760 quum
1011 1697 1173 1766 praeterea
1196 1687 1339 1770 justitae
1362 1711 1396 1762 et
1414 1699 1460 1764 rei
1485 1705 1687 1786 pecuniariae
1709 1713 1845 1781 edtuini·

884 1802 997 1868 stratio
1012 1803 1058 1870 illi
1074 1824 1229 1880 concessa
1246 1833 1333 1884 esset
1351 1824 1423 1899 (16
1433 1828 1473 1906 );
1498 1825 1526 1890 si
1544 1827 1621 1894 haec
1644 1802 1752 1900 omnia
1768 1857 1842 1918 per.

882 1929 1081 2013 pendamus,
1100 1951 1174 2006 tuto
1193 1957 1334 2012 statuere
1355 1947 1456 2028 lieet,
1475 1949 1597 2018 nuiltm
1618 1950 1685 2022 iere
1702 1973 1847 2040 potesta·

882 2069 948 2122 tem
966 2062 1053 2141 apud
1069 2061 1211 2132 Ordines
1228 2066 1404 2138 emersus
1432 2070 1643 2156 remansisse,
1667 2077 1846 2152 Comitem·

884 2195 949 2257 que
993 2179 1268 2260 Laucnsnnruu
1306 2185 1433 2262 omnem
1469 2197 1719 2282 absolutamque
1752 2225 1846 2274 eccs·

883 2300 971 2383 pisse
993 2308 1238 2392 auctoritatem,
1269 2333 1370 2395 quum
1397 2315 1537 2384 Ordines
1561 2325 1666 2388 solam
1693 2327 1844 2398 retinuis-

881 2446 956 2502 sent
969 2432 1146 2514 potentiam
1163 2437 1308 2506 subsid'm
1325 2441 1534 2510 wnesduadi.

926 2559 1039 2640 ltaque
1059 2580 1121 2644 pro
1143 2576 1235 2628 eet-to
1258 2581 1296 2628 ac
1315 2566 1453 2648 probato
1470 2583 1633 2637 assumere
1651 2572 1843 2660 possimus,

885 2685 1050 2752 Comitem
1077 2685 1356 2754 Lsrcsstntuus
1379 2705 1538 2758 summum
1564 2692 1772 2776 imperantem
1787 2702 1844 2768 ha·

886 2827 957 2873 rum
973 2809 1140 2892 regionum
1168 2809 1347 2878 habendum
1371 2831 1466 2896 esse,
1487 2817 1551 2884 nisi
1567 2815 1732 2888 refutauit
1748 2827 1844 2894 nobis

885 2941 1020 2996 restaret
1040 2931 1184 3016 objectio
1210 2937 1386 3016 quasdam,
1410 2953 1491 3015 quae
1515 2939 1622 3020 primo
1641 2947 1760 3019 obtutu
1773 2973 1846 3022 otu.
1896 2989 1902 2995 -

884 3071 944 3120 nes
961 3069 1087 3120 nostras
1109 3059 1249 3124 rationes
1268 3074 1412 3126 evertere
1425 3061 1600 3132 videretur.

926 3179 1090 3248 Videlicet
1121 3183 1364 3253 Entznsennn
1399 3185 1546 3280 Regina,
1579 3209 1678 3272 quum
1701 3197 1844 3266 mdivia·

884 3323 957 3388 set,
982 3327 1063 3390 quse
1089 3325 1159 3377 seta
1184 3327 1292 3380 essent
1312 3311 1401 3380 inter
1420 3310 1695 3390 Leucesrntuu
1721 3339 1755 3389 et
1780 3323 1844 3391 Or·

883 3433 1189 3516 dissecemus,
1212 3438 1270 3501 hac
1290 3437 1331 3501 de
1359 3456 1393 3501 re
1422 3455 1599 3523 conquesta
1615 3459 1681 3526 est3
1705 3446 1744 3512 sd
1765 3465 1845 3529 quae

883 3555 1123 3634 responderunt
1138 3559 1276 3625 Ordines
1293 3561 1469 3629 Genetaies
1485 3569 1592 3648 (17),
1618 3586 1677 3632 sua
1691 3569 1844 3649 opinione

884 3677 997 3744 melius
1021 3697 1113 3760 esse,
1138 3697 1236 3744 unum
1256 3700 1351 3761 quam
1378 3683 1461 3749 duos
1479 3687 1676 3768 reipublicae
1696 3707 1846 3775 praeesse

881 3801 1127 3872 Gubernatotes
1152 3800 1347 3888 Genetales,
1370 3809 1522 3889 quonian
1552 3829 1658 3878 rerum
1683 3826 1786 3879 status
1802 3815 1842 3881 ab

1806 3959 1846 4006 CO

915 4154 992 4217 (ιθ)
1008 4157 1048 4208 De
1070 4155 1108 4208 rei
1125 4159 1285 4228 pemutsetae
1298 4161 1513 4222 adminlsmtiuue
1527 4171 1688 4224 mitreum
1699 4169 1782 4224 Resol-
1796 4169 1842 4222 lv

882 4241 952 4296 lm.
966 4245 1089 4292 Genetaei
1103 4255 1133 4305 η
1146 4249 1204 4302 Feb.
1219 4255 1288 4310 15⁸6.
1311 4254 1358 4304 foi.
1370 4264 1490 4322 44-46,
1599 4287 1604 4296 ,

908 4335 986 4404 (η)
1008 4334 1067 4390 vid.
1082 4337 1170 4402 Bae,
1185 4341 1242 4394 tis.
1254 4343 1323 4399 XXI.
1344 4345 1390 4402 isi.
1405 4359 1448 4412 ts.
