4700 6324
836 849 885 940 84
1264 841 1390 892 '-

1268 893 1390 918 m

836 1035 960 1102 bendae
986 1028 1087 1100 veluti
1107 1031 1236 1100 ·fuerint
1263 1047 1332 1100 non
1356 1046 1416 1112 pro
1434 1040 1525 1111 parte
1560 1025 1701 1093 civitatis
1729 1046 1819 1108 sep--

745 1200 754 1208 =-
839 1161 1010 1256 'tcmdecim
1036 1159 1304 1246 provinciarum,
1330 1155 1389 1222 sed
1414 1173 1474 1237 pro
1506 1149 1629 1235 privata
1652 1149 1806 1230 civitate,

843 1307 924 1370 quae
944 1286 1117 1354 conventui
1148 1285 1308 1353 bruxellis
1334 1284 1463 1362 aderat,
1485 1276 1664 1361 siquando
1687 1273 1812 1342 delibe-

841 1413 975 1490 randum
997 1428 1082 1478 esset
1103 1412 1143 1476 de
1161 1411 1330 1491 utriusque
1348 1406 1491 1474 civitatis
1510 1409 1703 1479 conmodis.

886 1537 1000 1616 Itaque
1017 1535 1095 1600 Dux
1114 1535 1352 1601 Ausrmcus
1373 1550 1486 1602 nostra
1504 1536 1659 1620 opinione
1673 1534 1811 1600 Bruxel-

825 1664 884 1754 ¹iis
911 1662 950 1728 ab
987 1659 1166 1727 Ordinibus
1200 1659 1414 1738 Generalibus
1441 1660 1647 1728 Gubernator
1674 1659 1802 1743 agnitus
1840 1661 1843 1669 '

844 1803 934 1868 erat,
965 1786 1141 1852 secundum
1177 1783 1292 1852 foedus
1334 1785 1409 1850 cum
1450 1785 1508 1854 illo
1542 1786 1680 1865 initum,
1717 1779 1810 1864 quod

740 1883 743 1888 ⁵
843 1911 999 1986 universe¹
1021 1909 1216 1978 contrarium
1248 1925 1316 1980 crat
1355 1911 1524 1997 principiis
1554 1909 1694 1980 sordetis
1719 1922 1810 1977 antea

843 2036 991 2136 Gandaui
1009 2037 1109 2120 pacti.
1196 2089 1200 2096 .

884 2160 1041 2244 Princeps
1075 2162 1315 2228 Anausrscos
1344 2161 1439 2226 etiam
1466 2163 1501 2229 in
1521 2161 1693 2246 epistolis,
1720 2158 1811 2243 apud

844 2301 1012 2356 tontum
1029 2282 1233 2361 memoratis,
1254 2281 1552 2366 enumeravitplura
1567 2303 1673 2367 qnae,
1694 2299 1809 2354 contra

750 2451 753 2458 ·
848 2412 937 2496 pacis
957 2409 1181 2478 Gandauensis
1193 2407 1369 2489 articulos,
1394 2408 1581 2476 continebat
1600 2408 1716 2476 foedus
1730 2409 1813 2478 inter

844 2535 986 2605 Ordines
1001 2537 1176 2606 Generaies
1200 2549 1233 2602 et
1247 2533 1451 2618 Jousurtrra
1468 2534 1598 2603 initum.

886 2665 1053 2732 Praeterea
1068 2661 1101 2727 si
1125 2661 1328 2745 cogitamus,
1346 2657 1496 2726 Gandaui
1513 2660 1579 2726 sibi
1599 2661 1812 2746 proposuisse

815 2792 960 2858 'omnes
985 2787 1175 2873 prouincias
1194 2801 1231 2855 ut
1256 2784 1478 2869 Hispanorum
1503 2786 1616 2872 copias
1641 2786 1693 2854 his
1719 2805 1738 2852 e
1762 2807 1815 2855 ro·

845 2913 998 3004 sionibus
1030 2917 1259 2996 expellerent3
1290 2911 1500 2978 nihilominus
1537 2925 1644 3012 tamen
1673 2913 1815 2982 Ordines

846 3038 1050 3119 Generalcs,
1075 3037 1132 3122 qui
1150 3033 1297 3102 Gandaui
1314 3033 1356 3099 ab
1375 3053 1437 3100 una
1456 3047 1547 3117 parte
1563 3049 1810 3118 contraxerant,
1868 3125 1871 3132 Ι

843 3163 1047 3250 Jouauuaat
1075 3161 1333 3230 Ausratacuu
1357 3158 1474 3226 multis
1495 3179 1569 3228 cum
1593 3159 1746 3243 Hispanis
1775 3177 1809 3232 et

845 3288 935 3358 Italis
953 3287 1118 3373 accepisse
1144 3287 1215 3356 sinc
1237 3303 1400 3356 consensu
1416 3285 1583 3370 Principis
1602 3284 1812 3358 Anausracr

849 3430 883 3483 tt
908 3415 1068 3484 Ordinum
1096 3411 1290 3482 Bollandiae
1309 3427 1342 3478 ct
1366 3412 1537 3480 zelandiae
1554 3413 1814 3480 contrahentium

847 3540 889 3610 ab
915 3543 1014 3604 altera
1037 3555 1157 3622 partc3
1194 3552 1357 3620 praeterea
1390 3539 1454 3602 boc
1487 3556 1575 3606 novo
1621 3535 1752 3605 foedere
1784 3551 1818 3606 ct

851 3663 1014 3732 ordinum
1037 3661 1245 3731 Generaiium
1275 3678 1480 3739 conuentus,
1512 3675 1546 3725 ct
1571 3661 1710 3728 Ordines
1733 3664 1815 3729 Pro·

849 3788 1026 3860 vinciamur
1053 3787 1201 3856 submitti
1237 3783 1419 3854 auctoritati
1449 3782 1719 3865 Gubernatoris,
1750 3783 1813 3852 mi·

763 3949 769 3960 ‚
851 3913 984 3980 randum
1012 3930 1080 3980 non
1109 3929 1184 3997 est,
1207 3912 1346 4006 Ordines
1374 3893 1568 3978 Hailandiae
1583 3925 1618 3978 et
1640 3911 1815 3980 chandiae

850 4061 951 4130 supra
972 4041 1155 4108 memoratis
1181 4036 1425 4109 conditionibus
1447 4055 1521 4106 eum
1536 4035 1713 4122 Jouauur
1734 4055 1816 4106 coa·

847 4169 974 4234 tabere
991 4163 1150 4232 noluisse.
1654 4153 1656 4158 ’

894 4289 984 4363 Non
1003 4286 1049 4354 ita
1082 4287 1139 4355 diu
1166 4307 1224 4354 res
1250 4287 1285 4358 in
1314 4285 1371 4356 illa
1393 4287 1584 4360 conditione
1615 4307 1825 4386 manserunt⁸¹

1747 4417 1820 4484 No·
