4656 6318
889 834 951 914 156

934 1011 1043 1080 Primo
1064 1006 1170 1085 eninr,
1189 1017 1226 1068 nt
1251 1019 1350 1086 supra
1374 1005 1436 1088 iam
1463 1005 1622 1085 vidimus,
1653 1005 1852 1071 adnrinistra-

895 1139 943 1204 tio
970 1133 1112 1220 justitiae
1139 1130 1309 1213 omnisque
1335 1131 1398 1208 irae,
1411 1129 1444 1198 in
1472 1149 1508 1195 re
1534 1125 1707 1194 auctoritas
1732 1126 1858 1192 Comici

895 1263 1129 1346 Larcssrnro
1157 1257 1259 1322 delata
1285 1255 1411 1320 fuerat:
1443 1251 1562 1319 nemini
1600 1255 1699 1336 igitur
1728 1271 1860 1337 praeter-

897 1407 968 1454 eum
981 1391 1115 1469 ejusque
1128 1381 1300 1446 crocinum
1318 1377 1452 1445 facultas
1471 1395 1538 1444 erat
1549 1377 1696 1445 solvendi
1710 1377 1858 1462 captivis

898 1511 987 1593 quod
1005 1506 1146 1573 Ordines
1165 1505 1260 1568 tacite
1276 1505 1340 1588 ipsi
1356 1521 1527 1588 agnoscere
1537 1503 1712 1585 videntur,
1732 1504 1860 1588 signifi-

898 1651 1008 1702 cantes
1031 1653 1065 1698 se
1091 1635 1155 1700 hoc
1176 1630 1292 1698 fecisse
1318 1626 1430 1696 soodcr
1454 1625 1515 1690 den
1545 1627 1631 1692 Raet
1657 1641 1690 1691 tc
1714 1636 1856 1714 moedau.

944 1761 980 1828 si
1007 1761 1090 1827 enim
1116 1757 1288 1827 Concilium
1318 1751 1370 1817 his
1404 1750 1438 1817 in
1470 1751 1566 1817 rebus
1597 1768 1737 1818 statuere
1766 1769 1861 1835 pote-

900 1897 970 1962 rat,
1002 1895 1080 1948 tunc
1106 1900 1192 1948 certe
1217 1879 1355 1945 Ordines
1382 1875 1558 1941 Generales
1589 1880 1644 1962 jus
1669 1897 1736 1943 non
1765 1876 1862 1942 habe·

902 2009 993 2074 bant.
1039 2005 1211 2072 Concilium
1231 2009 1366 2072 electum
1385 2016 1473 2082 erat,
1497 2017 1538 2067 ut
1561 2001 1722 2067 Comitem
1751 2001 1784 2070 in
1805 2003 1864 2068 inr-

902 2133 984 2216 perii
1019 2131 1293 2199 administratione
1322 2133 1474 2214 juvaret;
1510 2146 1636 2194 omnem
1664 2151 1743 2196 vero
1773 2151 1863 2197 suam

903 2256 1089 2338 dignitatern
1124 2251 1173 2314 illi
1210 2265 1369 2330 acceptam
1398 2251 1568 2318 referebat.
1620 2249 1731 2331 Itaque
1761 2271 1866 2332 quum

904 2378 1136 2445 confiterentur
1170 2359 1330 2452 Ordines,
1365 2377 1535 2441 Concilium
1570 2375 1630 2441 hac
1660 2372 1693 2438 in
1721 2393 1756 2438 re
1787 2393 1865 2438 auc·

907 2503 1037 2569 toritate
1068 2501 1196 2577 valere,
1230 2497 1467 2564 confitebantur
1496 2518 1629 2581 quoque
1653 2499 1770 2577 tacite,
1794 2497 1865 2562 Co·

909 2625 1017 2694 mitem
1055 2621 1141 2686 iilam
1185 2621 1405 2687 auctoritatem
1435 2622 1599 2689 habuisse.
1652 2623 1699 2688 Et
1737 2620 1765 2686 si
1801 2623 1864 2686 hoa

910 2765 1022 2814 verum
1042 2763 1118 2826 esa,
1141 2744 1302 2811 Comitem
1330 2743 1388 2809 hac
1415 2744 1448 2812 in
1476 2764 1510 2811 re
1536 2761 1674 2812 statuere
1692 2747 1868 2829 potuisse,

913 2875 992 2956 (de
1020 2892 1085 2955 quo
1106 2865 1244 2936 dubitari
1276 2887 1343 2934 non
1365 2871 1512 2949 potest)
1534 2887 1613 2937 tunc
1635 2871 1776 2938 Ordines
1806 2872 1873 2937 Ge·

917 3000 1039 3062 neraies
1065 2997 1184 3060 nuliam
1203 2991 1236 3056 in
1258 2989 1419 3073 captivum
1448 2993 1605 3060 habebant
1623 2997 1869 3080 anctoritatem

906 3122 994 3202 -quia
1012 3119 1116 3186 omnis
1135 3134 1243 3182 rerum
1269 3112 1415 3182 civilium
1433 3135 1509 3182 cura
1533 3119 1573 3185 ad
1601 3121 1875 3189 Larcnsrrerure

917 3247 1078 3315 Comitem
1096 3241 1289 3328 pertinebat·

961 3368 1182 3451 Caeteroquin
1219 3367 1253 3434 in
1285 3367 1402 3433 litteris
1429 3372 1627 3455 scripserunt
1655 3375 1819 3456 Ordines,
1843 3394 1877 3440 se

918 3495 982 3558 boc
1011 3491 1146 3574 iubere,
1180 3481 1305 3572 quippe
1335 3512 1456 3559 summa
1483 3497 1672 3564 auctoritate
1695 3499 1876 3580 praeditos-t

919 3618 969 3684 ais
994 3612 1087 3695 syndo
1107 3610 1145 3680 de
1169 3617 1295 3704 Hooglre
1316 3615 1514 3699 Overiclrcyt.

967 3745 1080 3823 ltaque
1097 3742 1244 3807 confiteri
1264 3739 1413 3808 videntur
1433 3739 1591 3806 neminem
1610 3741 1706 3806 alium
1733 3741 1789 3806 iilo
1806 3743 1877 3824 J'ure

919 3862 1001 3932 ssot.

964 3991 1064 4078 Quod
1091 3993 1122 4060 si
1149 3997 1208 4060 vei·
1230 3991 1262 4056 ia
1293 3987 1366 4071 ipso
1390 3989 1503 4072 ,edicto
1539 3988 1698 4056 Ordinum
1729 4012 1796 4059 non
1833 3995 1882 4058 le·

923 4113 1069 4178 geretur:
1097 4099 1156 4166 dar
1179 4120 1211 4181 sy
1231 4100 1301 4163 hem
1319 4098 1585 4178 (Larcasrnn)
1605 4113 1739 4178 gegcren
1763 4095 1877 4160 hebben

919 4216 972 4286 het
998 4218 1153 4304 Hooglmc
1177 4203 1310 4290 Gcbcht
1338 4243 1381 4288 ca
1406 4222 1544 4289 absolute
1574 4234 1710 4307 opperstc
1739 4223 1891 4284 auctorr'0·

1816 4354 1892 4422 roc
