<?xml version="1.0" encoding="UTF-8"?>
<!DOCTYPE html PUBLIC "-//W3C//DTD XHTML 1.0 Transitional//EN"
    "http://www.w3.org/TR/xhtml1/DTD/xhtml1-transitional.dtd">
<html xmlns="http://www.w3.org/1999/xhtml" xml:lang="en" lang="en">
 <head>
  <title>
</title>
<meta http-equiv="Content-Type" content="text/html;charset=utf-8" />
  <meta name='ocr-system' content='tesseract 3.04.00' />
  <meta name='ocr-capabilities' content='ocr_page ocr_carea ocr_par ocr_line ocrx_word'/>
</head>
<body>
  <div class='ocr_page' id='page_1' title='image "./disputatiohisto00dedegoog_0217.png"; bbox 0 0 4656 6318; ppageno 0'>
   <div class='ocr_carea' id='block_1_1' title="bbox 880 781 1504 878">
    <p class='ocr_par' dir='ltr' id='par_1_1' title="bbox 880 781 1504 878">
     <span class='ocr_line' id='line_1_1' title="bbox 880 781 1504 878; baseline -0.002 -1"><span class='ocrx_word' id='word_1_1' title='bbox 880 800 1010 876; x_wconf 68' lang='grc' dir='ltr'>Ξ·-</span> <span class='ocrx_word' id='word_1_2' title='bbox 1360 781 1504 878; x_wconf 63' lang='grc' dir='ltr'>ποῖ’</span> 
     </span>
    </p>
   </div>
   <div class='ocr_carea' id='block_1_2' title="bbox 452 983 1486 3896">
    <p class='ocr_par' dir='ltr' id='par_1_2' title="bbox 452 983 1486 2556">
     <span class='ocr_line' id='line_1_2' title="bbox 506 983 1435 1066; baseline -0.005 -6"><span class='ocrx_word' id='word_1_3' title='bbox 506 995 604 1059; x_wconf 65' lang='lat' dir='ltr'>staec</span> <span class='ocrx_word' id='word_1_4' title='bbox 630 999 734 1053; x_wconf 83' lang='lat' dir='ltr'>autern</span> <span class='ocrx_word' id='word_1_5' title='bbox 754 983 865 1066; x_wconf 91' lang='lat' dir='ltr'>opinio</span> <span class='ocrx_word' id='word_1_6' title='bbox 883 985 1025 1066; x_wconf 71' lang='lat' dir='ltr'>fortasse</span> <span class='ocrx_word' id='word_1_7' title='bbox 1045 985 1203 1054; x_wconf 83' lang='lat' dir='ltr'>contraria</span> <span class='ocrx_word' id='word_1_8' title='bbox 1221 987 1283 1054; x_wconf 90' lang='lat' dir='ltr'>erit</span> <span class='ocrx_word' id='word_1_9' title='bbox 1298 1004 1435 1056; x_wconf 85' lang='lat' dir='ltr'>senten·</span> 
     </span>
     <span class='ocr_line' id='line_1_3' title="bbox 462 1093 1436 1199; baseline -0.008 -17"><span class='ocrx_word' id='word_1_10' title='bbox 462 1118 527 1184; x_wconf 72' lang='lat' dir='ltr'>*tiis</span> <span class='ocrx_word' id='word_1_11' title='bbox 549 1120 776 1199; x_wconf 86' lang='lat' dir='ltr'>plerorumque</span> <span class='ocrx_word' id='word_1_12' title='bbox 798 1093 977 1195; x_wconf 80' lang='lat' dir='ltr'>lectorum3</span> <span class='ocrx_word' id='word_1_13' title='bbox 1001 1109 1158 1177; x_wconf 84' lang='lat' dir='ltr'>sed-idem</span> <span class='ocrx_word' id='word_1_14' title='bbox 1176 1109 1300 1178; x_wconf 88' lang='lat' dir='ltr'>animus</span> <span class='ocrx_word' id='word_1_15' title='bbox 1322 1133 1340 1178; x_wconf 82' lang='lat' dir='ltr'><strong>a</strong></span> <span class='ocrx_word' id='word_1_16' title='bbox 1361 1132 1436 1197; x_wconf 86' lang='lat' dir='ltr'>par..</span> 
     </span>
     <span class='ocr_line' id='line_1_4' title="bbox 470 1235 1434 1319; baseline 0 -19"><span class='ocrx_word' id='word_1_17' title='bbox 470 1238 551 1301; x_wconf 74' lang='lat' dir='ltr'>tium</span> <span class='ocrx_word' id='word_1_18' title='bbox 571 1235 688 1301; x_wconf 86' lang='lat' dir='ltr'>studiis</span> <span class='ocrx_word' id='word_1_19' title='bbox 714 1236 861 1318; x_wconf 86' lang='lat' dir='ltr'>alienus,</span> <span class='ocrx_word' id='word_1_20' title='bbox 887 1238 944 1319; x_wconf 88' lang='lat' dir='ltr'>qui</span> <span class='ocrx_word' id='word_1_21' title='bbox 969 1257 1018 1301; x_wconf 88' lang='lat' dir='ltr'>mc</span> <span class='ocrx_word' id='word_1_22' title='bbox 1042 1236 1191 1317; x_wconf 84' lang='lat' dir='ltr'><strong>induxit,</strong></span> <span class='ocrx_word' id='word_1_23' title='bbox 1216 1252 1251 1302; x_wconf 89' lang='lat' dir='ltr'>ut</span> <span class='ocrx_word' id='word_1_24' title='bbox 1273 1237 1434 1319; x_wconf 88' lang='lat' dir='ltr'>improba·</span> 
     </span>
     <span class='ocr_line' id='line_1_5' title="bbox 466 1359 1432 1448; baseline 0 -24"><span class='ocrx_word' id='word_1_25' title='bbox 466 1377 539 1424; x_wconf 76' lang='lat' dir='ltr'>rem</span> <span class='ocrx_word' id='word_1_26' title='bbox 559 1359 689 1424; x_wconf 89' lang='lat' dir='ltr'>modum</span> <span class='ocrx_word' id='word_1_27' title='bbox 709 1360 820 1442; x_wconf 82' lang='lat' dir='ltr'>agendi</span> <span class='ocrx_word' id='word_1_28' title='bbox 841 1361 999 1427; x_wconf 84' lang='lat' dir='ltr'>Ordinurn</span> <span class='ocrx_word' id='word_1_29' title='bbox 1018 1359 1222 1448; x_wconf 79' lang='lat' dir='ltr'>Generalium</span> <span class='ocrx_word' id='word_1_30' title='bbox 1246 1379 1320 1443; x_wconf 82' lang='lat' dir='ltr'>erga</span> <span class='ocrx_word' id='word_1_31' title='bbox 1340 1359 1432 1424; x_wconf 76' lang='lat' dir='ltr'>Pun-</span> 
     </span>
     <span class='ocr_line' id='line_1_6' title="bbox 452 1483 1435 1566; baseline 0 -14"><span class='ocrx_word' id='word_1_32' title='bbox 452 1505 554 1554; x_wconf 23' lang='lat' dir='ltr'>ctum</span> <span class='ocrx_word' id='word_1_33' title='bbox 577 1485 698 1564; x_wconf 75' lang='lat' dir='ltr'>Burs,</span> <span class='ocrx_word' id='word_1_34' title='bbox 722 1506 772 1550; x_wconf 89' lang='lat' dir='ltr'>me</span> <span class='ocrx_word' id='word_1_35' title='bbox 789 1504 876 1552; x_wconf 90' lang='lat' dir='ltr'>nunc</span> <span class='ocrx_word' id='word_1_36' title='bbox 895 1483 1006 1566; x_wconf 84' lang='lat' dir='ltr'>cogit,</span> <span class='ocrx_word' id='word_1_37' title='bbox 1030 1497 1067 1548; x_wconf 93' lang='lat' dir='ltr'>ut</span> <span class='ocrx_word' id='word_1_38' title='bbox 1083 1487 1304 1553; x_wconf 82' lang='lat' dir='ltr'>auctoritatem</span> <span class='ocrx_word' id='word_1_39' title='bbox 1323 1506 1435 1552; x_wconf 89' lang='lat' dir='ltr'>eorum</span> 
     </span>
     <span class='ocr_line' id='line_1_7' title="bbox 474 1605 1438 1693; baseline -0.001 -13"><span class='ocrx_word' id='word_1_40' title='bbox 474 1611 662 1680; x_wconf 80' lang='lat' dir='ltr'>defendam:</span> <span class='ocrx_word' id='word_1_41' title='bbox 704 1611 813 1691; x_wconf 82' lang='lat' dir='ltr'>itaque</span> <span class='ocrx_word' id='word_1_42' title='bbox 852 1605 963 1690; x_wconf 82' lang='lat' dir='ltr'>paucis</span> <span class='ocrx_word' id='word_1_43' title='bbox 1000 1607 1112 1672; x_wconf 76' lang='lat' dir='ltr'>verbis</span> <span class='ocrx_word' id='word_1_44' title='bbox 1147 1627 1302 1693; x_wconf 75' lang='lat' dir='ltr'>exponam</span> <span class='ocrx_word' id='word_1_45' title='bbox 1339 1613 1438 1679; x_wconf 87' lang='lat' dir='ltr'>ratio·</span> 
     </span>
     <span class='ocr_line' id='line_1_8' title="bbox 473 1733 1432 1817; baseline 0.004 -15"><span class='ocrx_word' id='word_1_46' title='bbox 473 1757 556 1817; x_wconf 88' lang='lat' dir='ltr'>nes,</span> <span class='ocrx_word' id='word_1_47' title='bbox 586 1737 629 1800; x_wconf 92' lang='lat' dir='ltr'>ob</span> <span class='ocrx_word' id='word_1_48' title='bbox 659 1739 737 1815; x_wconf 81' lang='lat' dir='ltr'>ques</span> <span class='ocrx_word' id='word_1_49' title='bbox 767 1734 931 1813; x_wconf 84' lang='lat' dir='ltr'>tribunal,</span> <span class='ocrx_word' id='word_1_50' title='bbox 962 1733 1002 1798; x_wconf 87' lang='lat' dir='ltr'>ad</span> <span class='ocrx_word' id='word_1_51' title='bbox 1030 1734 1118 1813; x_wconf 86' lang='lat' dir='ltr'>quod</span> <span class='ocrx_word' id='word_1_52' title='bbox 1147 1737 1432 1807; x_wconf 77' lang='lat' dir='ltr'>Brnuevrtnrus</span> 
     </span>
     <span class='ocr_line' id='line_1_9' title="bbox 475 1855 1434 1945; baseline -0.004 -13"><span class='ocrx_word' id='word_1_53' title='bbox 475 1881 602 1932; x_wconf 80' lang='lat' dir='ltr'>causum</span> <span class='ocrx_word' id='word_1_54' title='bbox 625 1859 726 1940; x_wconf 83' lang='lat' dir='ltr'>dixit,</span> <span class='ocrx_word' id='word_1_55' title='bbox 749 1863 872 1945; x_wconf 88' lang='lat' dir='ltr'>justum</span> <span class='ocrx_word' id='word_1_56' title='bbox 898 1855 1139 1939; x_wconf 86' lang='lat' dir='ltr'>legitimumque</span> <span class='ocrx_word' id='word_1_57' title='bbox 1157 1859 1260 1928; x_wconf 84' lang='lat' dir='ltr'>fuisse</span> <span class='ocrx_word' id='word_1_58' title='bbox 1278 1862 1434 1929; x_wconf 82' lang='lat' dir='ltr'>videatur.</span> 
     </span>
     <span class='ocr_line' id='line_1_10' title="bbox 485 1984 1440 2069; baseline -0.014 -8"><span class='ocrx_word' id='word_1_59' title='bbox 485 2030 492 2038; x_wconf 94' lang='lat'>·</span> <span class='ocrx_word' id='word_1_60' title='bbox 519 1989 709 2061; x_wconf 85' lang='lat' dir='ltr'>Videbimus</span> <span class='ocrx_word' id='word_1_61' title='bbox 727 1984 857 2069; x_wconf 88' lang='lat' dir='ltr'>primo,</span> <span class='ocrx_word' id='word_1_62' title='bbox 879 2003 1091 2065; x_wconf 84' lang='lat' dir='ltr'>quorumnam</span> <span class='ocrx_word' id='word_1_63' title='bbox 1114 1985 1283 2051; x_wconf 87' lang='lat' dir='ltr'>criminum</span> <span class='ocrx_word' id='word_1_64' title='bbox 1309 2001 1440 2049; x_wconf 84' lang='lat' dir='ltr'>accusa·</span> 
     </span>
     <span class='ocr_line' id='line_1_11' title="bbox 476 2105 1441 2191; baseline -0.016 -7"><span class='ocrx_word' id='word_1_65' title='bbox 476 2131 565 2184; x_wconf 82' lang='lat' dir='ltr'>retur</span> <span class='ocrx_word' id='word_1_66' title='bbox 592 2111 903 2184; x_wconf 63' lang='lat' dir='ltr'>Enumerantur,</span> <span class='ocrx_word' id='word_1_67' title='bbox 938 2123 973 2174; x_wconf 91' lang='lat' dir='ltr'>ut</span> <span class='ocrx_word' id='word_1_68' title='bbox 997 2125 1114 2191; x_wconf 84' lang='lat' dir='ltr'>postea</span> <span class='ocrx_word' id='word_1_69' title='bbox 1138 2107 1337 2190; x_wconf 84' lang='lat' dir='ltr'>inquiramus</span> <span class='ocrx_word' id='word_1_70' title='bbox 1367 2105 1441 2172; x_wconf 89' lang='lat' dir='ltr'>cui·</span> 
     </span>
     <span class='ocr_line' id='line_1_12' title="bbox 477 2231 1440 2323; baseline -0.017 -11"><span class='ocrx_word' id='word_1_71' title='bbox 477 2264 549 2312; x_wconf 82' lang='lat' dir='ltr'>nam</span> <span class='ocrx_word' id='word_1_72' title='bbox 579 2234 687 2323; x_wconf 82' lang='lat' dir='ltr'>generi</span> <span class='ocrx_word' id='word_1_73' title='bbox 722 2233 914 2300; x_wconf 87' lang='lat' dir='ltr'>delictorum</span> <span class='ocrx_word' id='word_1_74' title='bbox 949 2234 1184 2300; x_wconf 81' lang='lat' dir='ltr'>annumeranda</span> <span class='ocrx_word' id='word_1_75' title='bbox 1213 2231 1333 2296; x_wconf 89' lang='lat' dir='ltr'>fuerint</span> <span class='ocrx_word' id='word_1_76' title='bbox 1363 2232 1440 2296; x_wconf 82' lang='lat' dir='ltr'>hoec</span> 
     </span>
     <span class='ocr_line' id='line_1_13' title="bbox 480 2352 1486 2441; baseline -0.014 -6"><span class='ocrx_word' id='word_1_77' title='bbox 480 2365 634 2441; x_wconf 85' lang='lat' dir='ltr'>crimina,</span> <span class='ocrx_word' id='word_1_78' title='bbox 658 2374 689 2425; x_wconf 88' lang='lat' dir='ltr'>et</span> <span class='ocrx_word' id='word_1_79' title='bbox 706 2355 852 2435; x_wconf 84' lang='lat' dir='ltr'>denique</span> <span class='ocrx_word' id='word_1_80' title='bbox 877 2353 1070 2434; x_wconf 84' lang='lat' dir='ltr'>efficiamus,</span> <span class='ocrx_word' id='word_1_81' title='bbox 1095 2352 1223 2433; x_wconf 82' lang='lat' dir='ltr'>quinam</span> <span class='ocrx_word' id='word_1_82' title='bbox 1245 2375 1329 2424; x_wconf 84' lang='lat' dir='ltr'>anno</span> <span class='ocrx_word' id='word_1_83' title='bbox 1356 2357 1437 2423; x_wconf 84' lang='lat'>1618</span> <span class='ocrx_word' id='word_1_84' title='bbox 1482 2401 1486 2410; x_wconf 86' lang='lat'><em>-</em></span> 
     </span>
     <span class='ocr_line' id='line_1_14' title="bbox 481 2470 1189 2556; baseline -0.021 -7"><span class='ocrx_word' id='word_1_85' title='bbox 481 2485 675 2556; x_wconf 71' lang='lat' dir='ltr'>illamlitem</span> <span class='ocrx_word' id='word_1_86' title='bbox 698 2470 868 2555; x_wconf 87' lang='lat' dir='ltr'>dijudicare</span> <span class='ocrx_word' id='word_1_87' title='bbox 887 2472 1056 2545; x_wconf 85' lang='lat' dir='ltr'>debuerint</span> <span class='ocrx_word' id='word_1_88' title='bbox 1077 2471 1189 2554; x_wconf 70' lang='grc' dir='ltr'>(3ο).</span> 
     </span>
    </p>

    <p class='ocr_par' dir='ltr' id='par_1_3' title="bbox 477 2591 1445 3441">
     <span class='ocr_line' id='line_1_15' title="bbox 519 2591 1439 2698; baseline -0.011 -21"><span class='ocrx_word' id='word_1_89' title='bbox 519 2613 709 2698; x_wconf 75' lang='lat' dir='ltr'>Jounrrrrns</span> <span class='ocrx_word' id='word_1_90' title='bbox 739 2610 816 2661; x_wconf 71' lang='lat' dir='ltr'>utre</span> <span class='ocrx_word' id='word_1_91' title='bbox 848 2591 1273 2681; x_wconf 63' lang='lat' dir='ltr'>murmurmurmur,</span> <span class='ocrx_word' id='word_1_92' title='bbox 1314 2601 1364 2668; x_wconf 90' lang='lat' dir='ltr'>die</span> <span class='ocrx_word' id='word_1_93' title='bbox 1397 2623 1439 2686; x_wconf 67' lang='grc' dir='ltr'>α,</span> 
     </span>
     <span class='ocr_line' id='line_1_16' title="bbox 481 2724 1443 2820; baseline -0.006 -18"><span class='ocrx_word' id='word_1_94' title='bbox 481 2730 625 2820; x_wconf 81' lang='lat' dir='ltr'>Augusti</span> <span class='ocrx_word' id='word_1_95' title='bbox 654 2729 762 2807; x_wconf 83' lang='lat'>1618,</span> <span class='ocrx_word' id='word_1_96' title='bbox 794 2727 922 2796; x_wconf 89' lang='lat' dir='ltr'>nomine</span> <span class='ocrx_word' id='word_1_97' title='bbox 955 2724 1113 2792; x_wconf 88' lang='lat' dir='ltr'>Ordinum</span> <span class='ocrx_word' id='word_1_98' title='bbox 1141 2727 1346 2794; x_wconf 82' lang='lat' dir='ltr'>Generalium</span> <span class='ocrx_word' id='word_1_99' title='bbox 1369 2749 1443 2813; x_wconf 89' lang='lat' dir='ltr'>pre·</span> 
     </span>
     <span class='ocr_line' id='line_1_17' title="bbox 482 2851 1444 2940; baseline -0.011 -5"><span class='ocrx_word' id='word_1_100' title='bbox 482 2869 604 2934; x_wconf 88' lang='lat' dir='ltr'>bensus</span> <span class='ocrx_word' id='word_1_101' title='bbox 624 2855 713 2935; x_wconf 82' lang='lat' dir='ltr'>fuit3</span> <span class='ocrx_word' id='word_1_102' title='bbox 737 2851 790 2916; x_wconf 92' lang='lat' dir='ltr'>cui</span> <span class='ocrx_word' id='word_1_103' title='bbox 820 2852 946 2932; x_wconf 90' lang='lat' dir='ltr'>quidem</span> <span class='ocrx_word' id='word_1_104' title='bbox 972 2851 1130 2938; x_wconf 87' lang='lat' dir='ltr'>ejusmodi</span> <span class='ocrx_word' id='word_1_105' title='bbox 1153 2852 1285 2924; x_wconf 86' lang='lat' dir='ltr'>crimina</span> <span class='ocrx_word' id='word_1_106' title='bbox 1305 2857 1444 2940; x_wconf 83' lang='lat' dir='ltr'>imputr-</span> 
     </span>
     <span class='ocr_line' id='line_1_18' title="bbox 477 2975 1444 3064; baseline -0.008 -5"><span class='ocrx_word' id='word_1_107' title='bbox 477 2994 624 3060; x_wconf 82' lang='lat' dir='ltr'>bantur,</span> <span class='ocrx_word' id='word_1_108' title='bbox 651 2995 742 3061; x_wconf 78' lang='lat' dir='ltr'>quae</span> <span class='ocrx_word' id='word_1_109' title='bbox 771 2975 815 3042; x_wconf 77' lang='lat' dir='ltr'>ed</span> <span class='ocrx_word' id='word_1_110' title='bbox 847 2991 947 3042; x_wconf 84' lang='lat' dir='ltr'>totam</span> <span class='ocrx_word' id='word_1_111' title='bbox 981 2980 1213 3064; x_wconf 84' lang='lat' dir='ltr'>rempublicam</span> <span class='ocrx_word' id='word_1_112' title='bbox 1242 2985 1444 3051; x_wconf 83' lang='lat' dir='ltr'>evertendam</span> 
     </span>
     <span class='ocr_line' id='line_1_19' title="bbox 480 3097 1444 3199; baseline -0.005 -24"><span class='ocrx_word' id='word_1_113' title='bbox 480 3112 694 3199; x_wconf 78' lang='lat' dir='ltr'>pertinerent.</span> <span class='ocrx_word' id='word_1_114' title='bbox 729 3101 874 3166; x_wconf 82' lang='lat' dir='ltr'>&#39;Auctor</span> <span class='ocrx_word' id='word_1_115' title='bbox 891 3100 1025 3180; x_wconf 82' lang='lat' dir='ltr'>-quidam</span> <span class='ocrx_word' id='word_1_116' title='bbox 1046 3097 1146 3184; x_wconf 69' lang='lat'><strong>(31)</strong></span> <span class='ocrx_word' id='word_1_117' title='bbox 1173 3121 1278 3172; x_wconf 78' lang='lat' dir='ltr'>narret</span> <span class='ocrx_word' id='word_1_118' title='bbox 1289 3153 1302 3186; x_wconf 91' lang='lat'>,</span> <span class='ocrx_word' id='word_1_119' title='bbox 1314 3111 1318 3118; x_wconf 91' lang='lat'>&#39;</span> <span class='ocrx_word' id='word_1_120' title='bbox 1332 3107 1444 3174; x_wconf 85' lang='lat' dir='ltr'>eodem</span> 
     </span>
     <span class='ocr_line' id='line_1_20' title="bbox 479 3227 1443 3310; baseline -0.01 -7"><span class='ocrx_word' id='word_1_121' title='bbox 479 3237 536 3303; x_wconf 89' lang='lat' dir='ltr'>die</span> <span class='ocrx_word' id='word_1_122' title='bbox 565 3233 709 3299; x_wconf 90' lang='lat' dir='ltr'>libellum</span> <span class='ocrx_word' id='word_1_123' title='bbox 732 3227 897 3308; x_wconf 80' lang='lat' dir='ltr'>quemdam</span> <span class='ocrx_word' id='word_1_124' title='bbox 920 3227 1140 3292; x_wconf 88' lang='lat' dir='ltr'>circumlatum</span> <span class='ocrx_word' id='word_1_125' title='bbox 1164 3227 1289 3310; x_wconf 75' lang='lat' dir='ltr'>fuisse,</span> <span class='ocrx_word' id='word_1_126' title='bbox 1319 3227 1353 3294; x_wconf 89' lang='lat' dir='ltr'>in</span> <span class='ocrx_word' id='word_1_127' title='bbox 1378 3245 1443 3309; x_wconf 88' lang='lat' dir='ltr'>quo</span> 
     </span>
     <span class='ocr_line' id='line_1_21' title="bbox 479 3350 1445 3441; baseline -0.014 -11"><span class='ocrx_word' id='word_1_128' title='bbox 479 3357 707 3441; x_wconf 88' lang='lat' dir='ltr'>conscriptum</span> <span class='ocrx_word' id='word_1_129' title='bbox 731 3366 821 3432; x_wconf 86' lang='lat' dir='ltr'>erat,</span> <span class='ocrx_word' id='word_1_130' title='bbox 852 3350 1153 3418; x_wconf 67' lang='lat' dir='ltr'>sternerentur</span> <span class='ocrx_word' id='word_1_131' title='bbox 1177 3353 1445 3436; x_wconf 87' lang='lat' dir='ltr'>comprehensum</span> 
     </span>
    </p>

    <p class='ocr_par' dir='ltr' id='par_1_4' title="bbox 1362 3475 1446 3542">
     <span class='ocr_line' id='line_1_22' title="bbox 1362 3475 1446 3542; baseline 0.012 -1"><span class='ocrx_word' id='word_1_132' title='bbox 1362 3475 1446 3542; x_wconf 84' lang='lat' dir='ltr'>fuis·</span> 
     </span>
    </p>

    <p class='ocr_par' dir='ltr' id='par_1_5' title="bbox 482 3643 1452 3896">
     <span class='ocr_line' id='line_1_23' title="bbox 521 3643 1450 3719; baseline -0.017 -11"><span class='ocrx_word' id='word_1_133' title='bbox 521 3643 598 3719; x_wconf 72' lang='grc'>(36)</span> <span class='ocrx_word' id='word_1_134' title='bbox 614 3652 873 3706; x_wconf 75' lang='lat' dir='ltr'>nurmrrvemnnun</span> <span class='ocrx_word' id='word_1_135' title='bbox 890 3658 945 3710; x_wconf 75' lang='lat' dir='ltr'>ert,</span> <span class='ocrx_word' id='word_1_136' title='bbox 962 3645 1076 3710; x_wconf 79' lang='lat' dir='ltr'>anrnvls</span> <span class='ocrx_word' id='word_1_137' title='bbox 1096 3645 1267 3708; x_wconf 71' lang='lat' dir='ltr'>inquiramus,</span> <span class='ocrx_word' id='word_1_138' title='bbox 1284 3647 1311 3696; x_wconf 81' lang='lat' dir='ltr'>in</span> <span class='ocrx_word' id='word_1_139' title='bbox 1330 3655 1450 3706; x_wconf 79' lang='lat' dir='ltr'>qurenrrn</span> 
     </span>
     <span class='ocr_line' id='line_1_24' title="bbox 482 3733 1448 3804; baseline -0.018 -4"><span class='ocrx_word' id='word_1_140' title='bbox 482 3749 680 3804; x_wconf 64' lang='lat' dir='ltr'>crininnbrn</span> <span class='ocrx_word' id='word_1_141' title='bbox 690 3753 845 3792; x_wconf 77' lang='lat' dir='ltr'>urrnnot</span> <span class='ocrx_word' id='word_1_142' title='bbox 858 3754 895 3788; x_wconf 74' lang='lat' dir='ltr'>us</span> <span class='ocrx_word' id='word_1_143' title='bbox 912 3752 1018 3788; x_wconf 76' lang='lat' dir='ltr'>vocatus</span> <span class='ocrx_word' id='word_1_144' title='bbox 1032 3739 1082 3798; x_wconf 76' lang='lat' dir='ltr'>sit,</span> <span class='ocrx_word' id='word_1_145' title='bbox 1099 3739 1158 3784; x_wconf 82' lang='lat' dir='ltr'>inde</span> <span class='ocrx_word' id='word_1_146' title='bbox 1172 3749 1223 3783; x_wconf 86' lang='lat' dir='ltr'>non</span> <span class='ocrx_word' id='word_1_147' title='bbox 1237 3733 1324 3795; x_wconf 83' lang='lat' dir='ltr'>sequi,</span> <span class='ocrx_word' id='word_1_148' title='bbox 1340 3745 1448 3784; x_wconf 74' lang='lat' dir='ltr'>nostram</span> 
     </span>
     <span class='ocr_line' id='line_1_25' title="bbox 491 3822 1452 3896; baseline -0.012 -11"><span class='ocrx_word' id='word_1_149' title='bbox 491 3850 549 3886; x_wconf 81' lang='lat' dir='ltr'>erre</span> <span class='ocrx_word' id='word_1_150' title='bbox 568 3833 734 3896; x_wconf 74' lang='lat' dir='ltr'>epimonem,</span> <span class='ocrx_word' id='word_1_151' title='bbox 750 3832 821 3878; x_wconf 81' lang='lat' dir='ltr'>illurn</span> <span class='ocrx_word' id='word_1_152' title='bbox 840 3826 932 3876; x_wconf 84' lang='lat' dir='ltr'>merito</span> <span class='ocrx_word' id='word_1_153' title='bbox 956 3837 1099 3874; x_wconf 75' lang='lat' dir='ltr'>recusutum</span> <span class='ocrx_word' id='word_1_154' title='bbox 1118 3824 1209 3874; x_wconf 78' lang='lat' dir='ltr'>tuisse·</span> <span class='ocrx_word' id='word_1_155' title='bbox 1229 3836 1276 3874; x_wconf 79' lang='lat' dir='ltr'>not</span> <span class='ocrx_word' id='word_1_156' title='bbox 1289 3837 1340 3873; x_wconf 86' lang='lat' dir='ltr'>nou</span> <span class='ocrx_word' id='word_1_157' title='bbox 1359 3822 1452 3882; x_wconf 73' lang='lat' dir='ltr'>egimus</span> 
     </span>
    </p>
   </div>
   <div class='ocr_carea' id='block_1_3' title="bbox 487 3913 1446 3985">
    <p class='ocr_par' dir='ltr' id='par_1_6' title="bbox 487 3913 1446 3985">
     <span class='ocr_line' id='line_1_26' title="bbox 487 3913 1446 3985; baseline -0.014 -8"><span class='ocrx_word' id='word_1_158' title='bbox 487 3928 524 3977; x_wconf 76' lang='lat' dir='ltr'>&#39;de</span> <span class='ocrx_word' id='word_1_159' title='bbox 546 3925 601 3985; x_wconf 72' lang='lat' dir='ltr'>ipre</span> <span class='ocrx_word' id='word_1_160' title='bbox 618 3919 796 3980; x_wconf 77' lang='lat' dir='ltr'>rccurttione,</span> <span class='ocrx_word' id='word_1_161' title='bbox 812 3917 858 3966; x_wconf 77' lang='lat' dir='ltr'>red</span> <span class='ocrx_word' id='word_1_162' title='bbox 878 3916 1026 3976; x_wconf 75' lang='lat' dir='ltr'>inquirimur</span> <span class='ocrx_word' id='word_1_163' title='bbox 1041 3925 1135 3964; x_wconf 78' lang='lat' dir='ltr'>tentum</span> <span class='ocrx_word' id='word_1_164' title='bbox 1156 3913 1184 3964; x_wconf 80' lang='lat' dir='ltr'>in</span> <span class='ocrx_word' id='word_1_165' title='bbox 1196 3913 1321 3965; x_wconf 76' lang='lat' dir='ltr'>ordinum</span> <span class='ocrx_word' id='word_1_166' title='bbox 1337 3916 1407 3965; x_wconf 76' lang='lat' dir='ltr'>Gerr</span> <span class='ocrx_word' id='word_1_167' title='bbox 1421 3925 1446 3964; x_wconf 75' lang='lat' dir='ltr'>r·</span> 
     </span>
    </p>
   </div>
   <div class='ocr_carea' id='block_1_4' title="bbox 492 4009 1506 4169">
    <p class='ocr_par' dir='ltr' id='par_1_7' title="bbox 492 4009 1506 4169">
     <span class='ocr_line' id='line_1_27' title="bbox 492 4009 839 4065; baseline -0.032 0"><span class='ocrx_word' id='word_1_168' title='bbox 492 4015 555 4065; x_wconf 78' lang='lat' dir='ltr'>lium</span> <span class='ocrx_word' id='word_1_169' title='bbox 571 4009 752 4061; x_wconf 71' lang='lat' dir='ltr'>auctoritatem.</span> <span class='ocrx_word' id='word_1_170' title='bbox 836 4041 839 4046; x_wconf 86' lang='lat'><em>.</em></span> 
     </span>
     <span class='ocr_line' id='line_1_28' title="bbox 525 4092 1506 4169; baseline -0.016 -17"><span class='ocrx_word' id='word_1_171' title='bbox 525 4105 600 4169; x_wconf 78' lang='lat'><strong>(3¹)</strong></span> <span class='ocrx_word' id='word_1_172' title='bbox 614 4101 777 4158; x_wconf 71' lang='lat' dir='ltr'>Bouron,</span> <span class='ocrx_word' id='word_1_173' title='bbox 803 4092 977 4157; x_wconf 69' lang='lat' dir='ltr'>Gescbr&#39;edenr&#39;r</span> <span class='ocrx_word' id='word_1_174' title='bbox 995 4107 1043 4144; x_wconf 78' lang='lat' dir='ltr'>m</span> <span class='ocrx_word' id='word_1_175' title='bbox 1065 4093 1094 4142; x_wconf 75' lang='lat' dir='ltr'>dr</span> <span class='ocrx_word' id='word_1_176' title='bbox 1119 4093 1310 4158; x_wconf 66' lang='lat' dir='ltr'>Rechtrpirgiug</span> <span class='ocrx_word' id='word_1_177' title='bbox 1329 4106 1380 4143; x_wconf 71' lang='lat' dir='ltr'>ren</span> <span class='ocrx_word' id='word_1_178' title='bbox 1396 4095 1453 4148; x_wconf 67' lang='grc' dir='ltr'>οι.</span> <span class='ocrx_word' id='word_1_179' title='bbox 1503 4107 1506 4114; x_wconf 93' lang='grc'><em>·</em></span> 
     </span>
    </p>
   </div>
   <div class='ocr_carea' id='block_1_5' title="bbox 488 4203 908 4254">
    <p class='ocr_par' dir='ltr' id='par_1_8' title="bbox 488 4203 908 4254">
     <span class='ocr_line' id='line_1_29' title="bbox 488 4203 908 4254; baseline -0.019 -3"><span class='ocrx_word' id='word_1_180' title='bbox 488 4203 821 4254; x_wconf 71' lang='lat' dir='ltr'>nnrtsrerrrrtnr,</span> <span class='ocrx_word' id='word_1_181' title='bbox 843 4203 908 4254; x_wconf 73' lang='lat' dir='ltr'>ptr·</span> 
     </span>
    </p>
   </div>
   <div class='ocr_carea' id='block_1_6' title="bbox 995 4277 1057 4344">
    <p class='ocr_par' dir='ltr' id='par_1_9' title="bbox 995 4277 1057 4344">
     <span class='ocr_line' id='line_1_30' title="bbox 995 4277 1057 4344; baseline -0.065 0"><span class='ocrx_word' id='word_1_182' title='bbox 995 4277 1057 4344; x_wconf 87' lang='lat' dir='ltr'>Cc</span> 
     </span>
    </p>
   </div>
   <div class='ocr_carea' id='block_1_7' title="bbox 0 0 2363 6308">
    <p class='ocr_par' dir='ltr' id='par_1_10' title="bbox 0 0 2363 6308">
     <span class='ocr_line' id='line_1_31' title="bbox 0 0 2363 6308; baseline 0 0"><span class='ocrx_word' id='word_1_183' title='bbox 0 0 2363 6308; x_wconf 95' lang='lat' dir='ltr'> </span> 
     </span>
    </p>
   </div>
  </div>
 </body>
</html>
