4656 6318
783 849 785 856 ’
893 851 959 898 200

1280 857 1282 864 >
1324 809 1434 872 ΕΞ

899 1007 993 1075 tatio.
1044 993 1215 1084 Quoddrm
1242 1005 1348 1057 tamen
1377 989 1567 1059 initlorum
1601 1009 1781 1076 temporum
1811 995 1859 1060 hi·

902 1131 1002 1200 storia
1030 1124 1171 1194 occurrit
1196 1135 1315 1202 caput,
1347 1120 1440 1203 cujus
1469 1118 1688 1201 gravissimum
1711 1133 1761 1184 est
1788 1139 1859 1185 mo·

901 1270 1044 1325 mentum
1088 1251 1121 1316 in
1167 1246 1395 1314 consideranda
1445 1241 1599 1309 Ordinunr
1652 1243 1857 1310 Generaliun

902 1377 1107 1448 auctoritate.
1173 1373 1220 1442 Hi
1264 1367 1346 1434 eninr
1388 1369 1685 1433 Bnuunvsumunt
1730 1365 1764 1432 in
1799 1357 1862 1431 cri·

905 1525 977 1572 men
1011 1515 1160 1568 vocatum
1196 1496 1432 1581 judicaverunt.
1496 1489 1595 1576 Quod
1628 1507 1693 1570 quo
1715 1492 1786 1574 jure
1814 1489 1862 1555 fe·

905 1629 1008 1698 serint
1042 1625 1071 1692 si
1112 1621 1391 1708 perquisiverirn,
1435 1619 1591 1688 nerninem
1630 1633 1726 1697 spero
1770 1614 1860 1696 fore,

909 1757 966 1839 qui
997 1773 1048 1822 me
1091 1762 1178 1814 extra
1220 1745 1406 1830 scriptionis
1440 1761 1527 1808 meae
1560 1739 1715 1806 terminos
1752 1729 1864 1828 evaga-

908 1901 976 1949 tum
1005 1897 1075 1946 esse
1102 1887 1215 1957 putet,
1242 1873 1321 1955 quin
1347 1869 1459 1956 potius
1482 1865 1695 1946 confiteatur,
1725 1869 1866 1952 eiusmo-

907 2011 943 2076 di
968 2027 1042 2074 esse
1065 2017 1208 2072 nostram
1234 1997 1393 2064 scribendi
1422 1994 1607 2074 materiam,
1637 2012 1773 2073 quacum
1802 2015 1868 2061 rno·

912 2145 1070 2200 moratum
1097 2127 1176 2194 illud
1208 2139 1326 2206 caput,
1355 2123 1443 2206 quod
1466 2123 1529 2206 jam
1559 2120 1677 2184 dudum
1712 2119 1867 2190 acerrimo

910 2257 1140 2342 disputantium
1173 2250 1345 2314 certamine
1370 2249 1521 2326 agitatum
1552 2243 1639 2321 fuit,
1674 2247 1751 2310 adeo
1786 2269 1869 2317 con·

911 2387 1058 2468 junctum
1082 2389 1230 2452 tenetur,
1251 2387 1287 2435 ut
1309 2371 1336 2433 si
1365 2365 1544 2429 omitterem
1565 2363 1775 2446 negligentiae
1802 2378 1871 2440 cul.

914 2523 987 2590 pam
1004 2511 1211 2586 praestatem.

959 2621 1123 2696 Nonnulli
1149 2621 1276 2704 quidem
1298 2629 1514 2703 putaverunt,
1542 2613 1628 2680 hunc
1656 2631 1804 2700 magnum
1822 2621 1871 2690 vi.

920 2779 1015 2841 turn,
1029 2749 1175 2822 criminis
1197 2768 1309 2831 reum,
1331 2767 1404 2814 cunr
1424 2741 1570 2810 minister
1587 2741 1774 2824 provinciae
1792 2744 1875 2842 ilol.

920 2885 1044 2956 landiae
1069 2891 1177 2959 esset,
1213 2875 1247 2942 in
1274 2873 1426 2941 tribunali
1456 2866 1650 2938 Hollandico
1675 2885 1800 2935 causam
1826 2871 1876 2938 di.

922 3025 994 3072 cere
1014 3000 1187 3085 debuisse3
1216 3001 1269 3068 alii
1293 2997 1428 3068 veroin
1451 2995 1531 3060 hanc
1550 2991 1740 3058 sententiam
1765 2996 1875 3080 dispu.

923 3149 1013 3212 tant,
1043 3143 1079 3194 ut
1109 3127 1261 3210 crimina,
1288 3141 1426 3208 quorun
1456 3121 1744 3187 Bursavo-nnius
1777 3139 1873 3188 accu-

921 3262 1071 3342 sabatur,
1086 3253 1244 3344 ejusmodi
1259 3249 1360 3316 fuisse
1377 3243 1611 3330 pronuntient,
1623 3245 1663 3308 de
1682 3244 1801 3326 quibus
1821 3268 1875 3315 ne-

923 3408 977 3455 mo
1002 3403 1127 3472 praeter
1143 3381 1282 3451 Ordines
1292 3371 1468 3440 Generales
1486 3386 1686 3452 cognoscere
1701 3377 1874 3457 potuisset.

967 3516 1005 3578 ln
1022 3514 1102 3576 actis
1117 3511 1245 3589 quidem
1265 3497 1479 3576 authenticis,
1499 3510 1580 3577 quac
1596 3499 1806 3580 pervolvendi
1822 3501 1882 3565 nri-

926 3635 961 3702 lri
980 3632 1117 3699 facultas
1140 3643 1292 3694 concessa
1310 3620 1395 3696 fuit,
1418 3619 1629 3683 inveniuntur
1654 3622 1777 3698 omnia,
1802 3643 1883 3704 quac

925 3759 1050 3826 dehoc
1069 3750 1190 3839 judicio
1210 3747 1296 3830 apud
1316 3739 1458 3807 Ordines
1484 3739 1675 3804 llollandiae
1692 3758 1723 3806 et
1744 3743 1883 3812 Ordines

928 3880 1105 3948 Generales
1122 3875 1248 3938 decreta
1267 3883 1363 3952 sunt,
1387 3889 1405 3932 e
1425 3866 1544 3950 quibus
1559 3867 1640 3931 hanc
1658 3864 1736 3930 rnilri
1756 3867 1886 3950 opinio.

927 4023 1001 4075 nem
1032 3998 1226 4082 informavi,
1258 4017 1319 4082 pro
1352 3995 1480 4061 illorum
1511 4003 1690 4072 temporum
1717 4006 1749 4056 et
1780 4011 1884 4056 rerum

930 4132 1072 4203 ratione,
1095 4129 1185 4207 solos
1202 4125 1340 4190 Ordines
1358 4119 1534 4186 Generales
1552 4114 1586 4183 iu
1610 4116 1690 4181 lianc
1710 4115 1887 4182 accusatio-

931 4272 1005 4328 nem
1021 4251 1179 4332 inquirere
1199 4245 1358 4334 potuisse.

1801 4367 1888 4431 Haec
