4700 6324
902 863 1013 928 -ε
1395 867 1438 953 ⁶7

467 1071 565 1138 sent,
599 1053 727 1138 (quum
756 1016 908 1120 Ordines
923 1047 1110 1120 brabantiae
1137 1067 1177 1116 eo
1209 1063 1354 1136 tempore
1378 1051 1433 1122 td·

470 1184 536 1249 buc
556 1175 744 1246 sementim
763 1177 904 1244 nondum
920 1177 1120 1262 tulissent),
1143 1176 1355 1249 nihilominus
1373 1201 1434 1250 no·

472 1309 558 1378 mine
585 1303 688 1388 Regis
716 1319 747 1369 et
779 1303 937 1374 Ordinum
965 1305 1077 1372 harum
1109 1305 1274 1391 regionum
1311 1307 1432 1376 editum

472 1436 600 1505 fuisse?

509 1567 540 1632 E
576 1583 611 1629 re
633 1565 704 1648 ipsa
730 1558 830 1644 igitur
858 1571 968 1642 patet,
996 1559 1095 1644 hujus
1121 1557 1218 1624 edicti
1248 1565 1435 1646 promulga-

468 1688 589 1758 tionem
620 1687 654 1754 in
684 1681 898 1769 regionibus,
927 1683 984 1749 ubi
1016 1687 1159 1767 populus
1189 1685 1434 1771 privilegiorum

470 1825 537 1879 erat
563 1809 811 1890 tenacissimus,
833 1805 944 1874 inuitis
965 1807 1179 1877 seditionibus
1204 1829 1314 1880 ansam
1338 1833 1436 1898 prae.

470 1939 605 2024 buisse;
628 1939 677 2006 uti
700 1934 934 2018 Annuerpiae,
960 1954 1022 2018 qua
1047 1935 1080 2003 in
1104 1936 1186 2002 urbe
1212 1935 1325 2019 primis
1357 1953 1436 2006 tem-

469 2066 606 2151 poribus
630 2064 711 2134 illud
733 2065 873 2131 edictum
889 2079 956 2128 non
973 2064 1177 2145 promulgare
1197 2065 1333 2132 audebat
1353 2067 1433 2134 Ma·

469 2211 533 2260 ntn
556 2194 671 2280 (60).

512 2319 599 2386 Cum
626 2316 805 2386 incolarum
839 2312 936 2382 animi
973 2311 1093 2382 interea
1130 2312 1232 2398 tnagis
1266 2315 1432 2400 magisque

462 2440 738 2523 offenderentur,
772 2439 961 2527 praesertim
997 2437 1228 2523 Antwerpiae,
1273 2439 1430 2523 Princeps

469 2569 703 2634 Annustacus
727 2567 809 2633 hanc
834 2565 868 2633 in
895 2566 1007 2632 urbem
1035 2565 1153 2632 missus
1189 2580 1240 2632 est
1250 2549 1268 2649 ,¹
1295 2567 1352 2648 qui
1380 2587 1433 2633 se·

466 2692 608 2760 ditiones
639 2686 846 2770 compressit.
897 2686 1138 2769 Unusquisque
1167 2685 1213 2749 ibi
1245 2687 1324 2752 adeo
1359 2710 1437 2772 pera

469 2827 604 2888 suasum
646 2813 709 2882 sibi
750 2811 918 2893 habebat,
962 2811 1046 2899 Regi
1090 2809 1144 2880 vei
1178 2807 1434 2900 Gubernatrici,

467 2957 535 3011 non
574 2937 638 3023 nisi
688 2935 804 3002 auditis
848 2932 1028 3002 Ordinibus
1073 2935 1313 3024 Generalibus,
1353 2941 1436 3011 lice·

466 3085 502 3138 te
531 3063 635 3132 edicta
658 3061 697 3128 de
721 3057 875 3145 reiigione
897 3073 953 3126 aut
980 3061 1184 3146 promulgare
1211 3081 1268 3133 aut
1299 3083 1433 3137 revoca·

467 3211 502 3260 re
539 3204 596 3257 aut
629 3185 848 3271 amplificare,
882 3198 919 3266 ut
953 3184 1108 3269 Princeps
1144 3189 1217 3273 ipse
1246 3192 1434 3263 Annusta.

466 3339 570 3401 cus,
611 3331 712 3399 quum
746 3310 950 3394 magistratus
997 3311 1276 3396 Antwerpienses'
1304 3334 1432 3403 rogaret

471 3443 511 3509 de
534 3439 656 3525 optima
678 3437 804 3504 ratione
822 3435 932 3502 turbas
958 3434 1111 3519 sedandi,
1134 3439 1284 3508 adderet:
1307 3457 1354 3511 tot
1373 3444 1433 3514 dat

467 3565 549 3634 εἰσιν
570 3579 634 3631 met
659 3563 757 3647 aalays
784 3581 849 3631 nan
866 3581 946 3647 ayne
964 3558 1123 3632 Generalc
1141 3565 1255 3635 Staten
1276 3572 1313 3636 in
1336 3569 1431 3639 souda

467 3709 530 3776 ayn
554 3693 695 3760 urorsien
717 3690 826 3775 (61).

509 3817 603 3884 Nihil
633 3816 719 3886 aliud
745 3835 784 3882 eo
810 3829 958 3900 tempore
982 3820 1135 3902 petebant
1164 3822 1289 3890 incolae
1315 3824 1428 3890 harum

470 3942 638 4023 regionum
672 3940 735 4006 nisi
775 3939 1041 4005 convocationem
1087 3945 1247 4010 ordinum
1291 3943 1434 4012 Genera·

469 4063 574 4147 lium,
599 4064 692 4144 quasi
719 4055 848 4130 unicum
881 4065 1015 4132 modum
1046 4085 1111 4148 quo
1138 4065 1306 4136 hominum
1334 4069 1432 4137 anirni

1329 4261 1331 4266 ,
1363 4196 1432 4280 pia-

502 4369 575 4434 (δυ)
595 4371 655 4425 vid.
676 4379 829 4436 vnum,
851 4369 948 4423 utimr.
966 4370 1083 4426 Patria.
1108 4375 1242 4432 ΤοινΙ,
1263 4393 1291 4446 9,
1307 4385 1364 4440 m,

500 4463 575 4530 (δι)
600 4460 659 4517 Viti.
682 4475 760 4520 Νι.
784 4463 842 4522 Lib.
858 4466 891 4523 11.
915 4464 963 4518 foi·
980 4477 1021 4529 ῃ.
1457 4459 1462 4469 ’

1039 4555 1096 4625 la
