4654 6338
907 841 1029 900 a
1434 857 1457 926 3

458 1065 460 1068 ·
493 1033 645 1117 ninilijia
672 1042 781 1113 regten
809 1025 907 1092 darer
932 1023 1048 1094 landen
1069 1023 1253 1111 gangem
1276 1023 1372 1087 maa'r
1393 1040 1450 1087 aot
1499 991 1503 998 Ι

493 1159 551 1226 wel
565 1157 614 1222 als
632 1153 670 1220 dc
688 1153 882 1221 Frankischa
902 1155 1058 1234 Varum,
1076 1149 1256 1236 landdagen
1276 1165 1306 1215 re
1321 1150 1451 1214 Nitent-

493 1307 622 1372 megen,
646 1299 677 1348 te
702 1283 860 1363 Utrecht‚
893 1305 930 1348 en
958 1281 1056 1347 elders
1074 1279 1145 1342 hier
1167 1291 1199 1340 te
1225 1271 1319 1338 lande
1334 1272 1450 1358 gebart-

494 1409 555 1476 den
576 1409 667 1494 (8).
708 1407 805 1474 Unde
830 1423 963 1491 apparet
988 1408 1119 1482 eadem,
1145 1375 1207 1481 qia
1234 1399 1373 1463 Francos
1400 1415 1449 1460 re·

494 1543 574 1621 ger,
607 1535 709 1598 fuisse
747 1532 892 1614 potentia
927 1533 1158 1614 imperatores,
1196 1522 1314 1603 quibus
1356 1521 1448 1586 etiam

492 1659 604 1724 eodem
621 1655 717 1720 modo
737 1653 870 1719 obnoxii
890 1653 1025 1719 fuerunt
1038 1651 1169 1730 Duces,
1186 1649 1357 1729 Comites,
1377 1667 1448 1713 ωε»

493 1758 618 1866 terique
646 1781 725 1864 regii
750 1778 916 1864 praefecti.

537 1909 603 1975 Sua
632 1920 790 1990 potestate
821 1924 888 1972 non
915 1921 1043 1985 semper
1071 1915 1177 1966 tamen
1205 1897 1267 1962 soli
1299 1898 1348 1963 usi
1374 1914 1450 1964 sunt

494 2033 666 2113 Comites;
688 2030 747 2095 sed
772 2049 866 2111 saepe
890 2027 1028 2092 consilio
1054 2023 1218 2100 admisso,
1243 2023 1296 2085 vei
1320 2019 1451 2086 concilii

494 2157 683 2242 cujusdam,
707 2148 989 2236 (Conseilprine)
1013 2147 1103 2226 quod
1117 2148 1180 2230 jam
1201 2141 1313 2225 primis
1329 2156 1455 2224 tempo·

494 2281 584 2348 ribus
617 2276 681 2344 sibi
718 2275 929 2361 adjunxerunt
956 2270 1055 2352 (9),
1100 2271 1152 2334 vel
1181 2267 1274 2333 etiam
1310 2283 1448 2362 eorum,

494 2422 632 2489 quorum
654 2401 687 2465 id
703 2398 837 2464 maxime
866 2395 1036 2478 intererat,
1060 2395 1130 2463 sive
1144 2397 1263 2462 'essent
1287 2393 1451 2475 Nobilem,

497 2529 566 2596 sive
594 2527 690 2591 urbes
714 2523 829 2609 (ιο).

534 2650 582 2717 Et
620 2648 665 2712 ita
692 2644 819 2727 quidem
854 2665 1005 2730 apparere
1037 2645 1133 2714 nobis
1160 2644 1289 2712 videtur
1314 2667 1374 2729 pro
1402 2651 1454 2714 ln·

499 2779 572 2846 bitu
604 2789 701 2854 atque
731 2767 864 2836 arbitrio
893 2787 955 2832 suo
984 2787 1077 2849 agere
1104 2767 1222 2832 solitos
1246 2767 1371 2850 fuisse,
1396 2773 1453 2852 qui

496 2905 530 2972 in
576 2901 687 2986 primis
730 2891 868 2962 saeculis
913 2891 1099 2972 regionibus
1149 2893 1272 2959 nostris
1309 2893 1457 2978 praefue-

384 3096 387 3102 .
495 3045 590 3096 runt:
629 3044 693 3092 uno
725 3041 803 3089 casu
837 3029 997 3098 excepto,
1027 3011 1082 3077 ubi
1114 3015 1153 3079 de
1186 3016 1316 3082 tributis
1347 3037 1455 3102 agere·

496 3127 570 3222 tur:
598 3168 674 3218 tunc
702 3149 785 3215 enim
811 3143 949 3247 Ordines
979 3157 1069 3208 erant
1099 3140 1298 3210 convocandi
1321 3139 1432 3225 (11).

539 3277 697 3366 Quamvis
722 3294 789 3342 non
817 3271 893 3337 satis
920 3268 1064 3350 liqueat,
1088 3279 1195 3331 utrum
1222 3286 1241 3332 a
1269 3265 1454 3335 Comitibus

497 3404 607 3470 habita
632 3401 697 3465 sint
721 3400 851 3462 illorum
884 3391 1043 3455 Ordinum
1073 3389 1214 3454 Comitia
1238 3407 1312 3456 ante
1343 3409 1456 3458 saecu·

499 3533 565 3597 lum
588 3523 689 3606 XIV,
712 3537 817 3586 tamen
843 3517 994 3599 quaedam
1020 3512 1176 3579 Ordinum
1203 3511 1337 3596 vestigia
1362 3533 1460 3596 repe·

500 3655 626 3720 riuntur
636 3651 670 3716 in
680 3643 814 3714 historia
831 3635 1130 3722 antiquissimorum
1150 3636 1358 3721 temporum(
1372 3642 1452 3718 12).

1389 3759 1460 3825 Co·

532 3899 591 4000 (i)
613 3935 671 3987 vid,
690 3939 825 3982 wioni.
847 3928 945 3978 Hister.
965 3926 1084 3976 Patriae.
1109 3919 1184 3976 Tam.
1201 3922 1233 3973 ii·
1257 3935 1284 3984 p.
1302 3929 1355 3979 ta).

530 4031 547 4092 (
554 4027 594 4090 9)
614 4026 670 4076 via
693 4017 890 4072 nott.Nedrr1.
910 4018 1039 4063 heroum
1061 4015 1123 4063 Lib.
1140 4014 1184 4064 tv.
1209 4010 1258 4061 soi·
1277 4009 1331 4062 126·

530 4119 605 4178 (ro)
626 4114 686 4164 vid·
711 4121 778 4160 tart
801 4119 928 4158 mrrrtt
956 4106 1066 4158 Tomi.
1090 4117 1146 4166 par.
1164 4115 1230 4168 344,
1250 4099 1306 4164 3⁶⁸·
1333 4099 1461 4154 Tomll.

501 4221 558 4272 με.
577 4206 656 4265 σοι,
1229 4219 1230 4222 =

532 4295 606 4357 (11)
630 4292 688 4343 vid.
705 4301 824 4342 κιυιτ.
840 4288 940 4337 Hr'sur.
957 4285 1002 4332 der
1018 4283 1088 4334 Hori.
1105 4283 1243 4348 Sraatsreg,
1270 4279 1290 4332 1.
1305 4280 1338 4330 D.
1363 4294 1390 4342 p,
1407 4291 1450 4336 2¹·

532 4383 608 4454 (ια)
630 4386 685 4434 vtd.
701 4394 768 4434 vert
785 4390 879 4432 Loort
896 4374 990 4424 Alauda
1007 4388 1060 4436 ug.
1074 4370 1225 4424 ranDordr.
1240 4383 1336 4437 p.139.
1354 4345 1466 4424 nni&

504 4475 604 4527 Hister.
618 4471 735 4536 part-iau.
758 4473 834 4526 Tem·
851 4471 884 4523 11.
914 4481 940 4532 p·
960 4469 1013 4520 261.

1044 4530 1117 4612 Aa
