4700 6324
926 874 989 936 104
1352 843 1463 906 ε..-
1578 895 1582 904 .

956 1025 1156 1100 ,Dolendum
1184 1047 1257 1113 est,
1284 1051 1352 1100 non
1371 1035 1464 1116 plura
1488 1043 1566 1100 nott
1590 1047 1663 1096 esse
1680 1030 1720 1098 de
1733 1033 1795 1110 ¹ilio
1816 1055 1896 1107 con·

929 1177 1030 1230 ventu
1049 1157 1237 1244 ijectino
1259 1205 1272 1241 ,
1298 1177 1372 1226 cum
1400 1160 1486 1244 jam,
1518 1170 1602 1223 teste
1627 1156 1790 1240 Amplius.
1822 1181 1897 1230 vert

932 1291 1200 1359 Surrentinum
1225 1286 1243 1364 (
1256 1287 1357 1372 24),
1390 1300 1460 1353 arta
1486 1284 1584 1371 hujus
1609 1299 1791 1352 conventus
1832 1291 1901 1374 ejus

931 1435 1077 1501 tempore
1098 1431 1165 1480 non
1185 1409 1322 1492 amplius
1343 1424 1542 1478 constarent.
1586 1407 1694 1474 Vocat
1710 1405 1798 1474 illum
1822 1428 1904 1478 eon·

930 1555 1064 1608 ventum
1087 1555 1159 1602 eene
1185 1530 1401 1621 vergadering
1426 1553 1474 1599 om
1505 1533 1750 1602 irresolutum
1777 1552 1814 1624 op
1840 1537 1904 1603 alle

933 1658 1152 1734 mortalitatis
1180 1661 1284 1726 zaken
1319 1660 1471 1726 diencnde
1504 1675 1551 1726 tot
1580 1658 1718 1744 defensio
1750 1679 1816 1726 tan
1845 1660 1907 1727 den

933 1785 1048 1854 Lande
1066 1806 1104 1850 en
1123 1781 1306 1851 ondenioud
1322 1803 1387 1850 uate
1407 1783 1468 1851 den
1486 1784 1601 1870 oorlog.
1673 1839 1681 1850 .
1768 1843 1774 1854 ,

979 1915 1143 2003 Quamdiu
1160 1913 1372 1982 convenerint
1394 1912 1532 1997 delegati
1550 1911 1709 1981 Ordinum
1738 1911 1904 2000 Traiecti,

940 2043 984 2112 ob
1016 2044 1141 2112 easdem
1166 2058 1281 2108 causes
1310 2037 1436 2106 definiri
1465 2039 1601 2122 nequit;
1634 2040 1727 2123 atqui
1752 2053 1904 2119 constat,

939 2167 1103 2233 communi
1118 2152 1280 2230 consensu
1296 2178 1450 2230 statutum
1481 2163 1587 2231 fuisse
1612 2184 1697 2232 anno
1720 2171 1802 2249 1583
1824 2165 1908 2232 Tra·

934 2288 1036 2376 jectis
1066 2285 1134 2352 dat·
1155 2282 1194 2350 de
1213 2285 1395 2370 provincien
1419 2305 1457 2350 en
1480 2286 1585 2353 staden
1612 2291 1715 2356 nadcr
1742 2297 1908 2378 geunr'cert

935 2413 1097 2503 gehouden
1113 2413 1214 2479 sudden
1229 2427 1367 2494 umen,
1391 2411 1455 2478 alle
1464 2412 1566 2496 jaren
1578 2435 1647 2480 tens
1665 2416 1702 2500 by
1719 2433 1775 2481 cen
1786 2429 1819 2480 te
1836 2415 1890 2480 iou

940 2561 1010 2606 men
1028 2559 1066 2604 en
1084 2552 1116 2602 te
1132 2509 1328 2619 ue‘rgaderen
1346 2533 1455 2618 (25).

983 2665 1034 2731 Ut
1059 2676 1098 2728 ut
1117 2667 1193 2738 ¹est,
1225 2676 1283 2740 et,
1307 2675 1390 2739 quae
1418 2657 1560 2730 breviter
1588 2665 1628 2732 de
1658 2663 1717 2732 ilio
1743 2676 1908 2732 conventu

940 2787 1136 2869 metuimus,
1164 2799 1252 2852 nunc
1280 2779 1426 2847 sufficere
1449 2785 1621 2855 credimus.
1665 2785 1752 2854 Infra
1779 2805 1908 2854 accure-

941 2915 1010 2984 tius
1032 2914 1072 2980 de
1099 2912 1157 2977 illo
1178 2908 1334 2996 agendum
1364 2909 1446 2975 erit:
1470 2927 1561 2977 antea
1581 2925 1686 2984 tamen
1711 2913 1907 2995 videndum,

931 3025 1094 3118 'quidnam
1124 3047 1253 3114 agerent
1285 3030 1427 3099 Ordines
1462 3031 1639 3104 Genereles
1673 3038 1907 3120 Annverpiae,

947 3175 1086 3247 quorum
1106 3170 1286 3222 conventus
1305 3157 1369 3242 jam
1386 3156 1426 3222 ad
1442 3155 1536 3223 finem
1555 3157 1673 3242 vergit.
1902 3139 1906 3153 ’

986 3288 1127 3372 Magnae
1152 3281 1345 3350 mutationes
1368 3283 1651 3367 deprehenduntur
1680 3285 1788 3367 quord
1811 3285 1911 3354 inter·

947 3432 1025 3482 num
1046 3425 1227 3478 conventus
1256 3425 1394 3482 statum:
1420 3413 1595 3499 postremis
1624 3410 1711 3479 enim
1736 3409 1828 3478 annis
1855 3428 1912 3492 tp·

949 3553 1039 3619 paret
1054 3533 1196 3604 Ordines
1212 3537 1390 3608 Generales
1420 3559 1549 3623 semper
1575 3552 1790 3624 congregatos
1812 3535 1914 3602 fuisse

951 3671 1087 3743 propter
1119 3673 1301 3742 temporum
1343 3665 1580 3732 necessitatem.
1642 3661 1791 3726 Vidimus
1828 3661 1914 3724 enim

952 3801 1021 3851 non
1050 3784 1226 3850 secundum
1262 3785 1414 3868 antiquus
1452 3803 1557 3852 mores
1581 3785 1683 3854 'nune
1717 3796 1915 3850 conventum

953 3909 1096 3978 habitum
1114 3906 1218 3976 fuisse
1241 3907 1281 3974 de
1307 3906 1498 3990 quibusdam
1526 3921 1617 3976 antea
1641 3906 1914 3986 statutisrrebus,

1261 4039 1269 4052 ·
1878 4043 1916 4096 ut

982 4246 1055 4309 (η)
1073 4244 1174 4297 Secari.
1188 4246 1367 4312 Geseirifm,
1379 4247 1411 4300 n.
1427 4247 1458 4299 n.
1480 4247 1517 4302 bl.
1534 4246 1592 4307 156.
1672 4303 1676 4316 ι

984 4333 1057 4402 (tt)
1074 4335 1134 4386 vti.
1150 4339 1260 4392 mette
1284 4343 1562 4402 struentem,
1578 4335 1741 4392 tuttelstet·
