4700 6324
857 867 996 932 ’ΞΕ

1337 885 1414 976 ‘⁷¹59
1463 899 1469 912 .

454 1023 715 1123 neral'es'merito
733 1049 855 1134 Regem
873 1053 1035 1140 abjurasse
1059 1068 1219 1140 statuant3
1243 1062 1297 1129 alii
1324 1068 1413 1134 deni:

459 1199 524 1262 que
556 1174 784 1256 inveniuntur,
818 1195 956 1257 quorum
994 1179 1104 1262 opinio
1135 1200 1208 1268 est,
1238 1211 1413 1276 numquam

457 1299 595 1368 'subditis
614 1301 712 1365 licere
729 1317 812 1365 arma
838 1319 949 1370 contra
967 1305 1146 1393 Principem
1164 1314 1338 1401 legitimum
1359 1337 1415 1404 ge·

456 1445 526 1494 tere
547 1424 702 1506 illumque
724 1425 921 1507 relinquere.

497 1549 646 1634 Quorum
669 1548 857 1630 opinionum
883 1550 948 1618 vim
979 1571 1066 1621 nunc
1095 1560 1209 1642 paucis
1237 1565 1417 1635 considera·

453 1673 575 1740 bimus.

495 1796 661 1864 Sententia
691 1816 826 1884 eorum,
850 1803 906 1887 qui
931 1805 1100 1886 perhibent
1123 1811 1184 1893 jam
1205 1827 1278 1878 ante
1299 1833 1415 1884 annuum

458 1921 537 2004 1581
566 1938 633 1988 non
660 1923 799 2005 amplius
827 1927 861 1994 in
893 1931 1006 2013 Belgio
1032 1931 1175 2014 agnitum
1204 1933 1307 1999 fuisse
1332 1936 1415 2002 Pur·
1448 2003 1452 2012 ,

453 2060 619 2126 nerum,
650 2046 778 2114 duobus
795 2051 910 2118 nititur
930 2051 1161 2126 fundamentis.
1204 2057 1314 2124 Primo
1332 2059 1415 2128 enim

452 2162 586 2247 dicunt,
611 2169 651 2232 ab
680 2187 720 2232 eo
750 2169 823 2236 inde
851 2188 1021 2254 tempore,
1046 2195 1113 2256 quo
1134 2198 1219 2244 arma
1238 2197 1410 2265 ceperunt,

448 2292 563 2376 Belgas
582 2290 702 2374 Regem
720 2290 923 2375 deseruisse,
945 2294 1059 2361 deinde
1074 2295 1207 2366 Unione
1219 2301 1414 2392 ¹Ultrajecti·

288 2389 290 2396 Ι
367 2503 369 2508 ,
448 2422 568 2504 maiam
590 2417 777 2500 abrogatum
789 2417 892 2505 fuisse
907 2421 1116 2492 Pmnrrruu
1136 2431 1199 2522 (239
1210 2427 1240 2510 ).

490 2542 663 2622 Nusquam
683 2545 891 2629 invenimus,
911 2545 1005 2614 initio
1026 2547 1191 2616 turbarum
1204 2551 1324 2620 bellum
1341 2572 1413 2638 ges·

444 2681 514 2734 tum
530 2665 633 2732 fuisse
650 2681 763 2733 contra
782 2667 960 2750 Hispaniae
984 2671 1132 2755 Regem,
1153 2677 1209 2743 sed
1231 2693 1344 2755 contra
1361 2702 1412 2748 re·

446 2789 604 2858 bellantes
632 2792 745 2876 copias
770 2790 989 2878 Hispanicas,
1015 2815 1096 2879 quae
1114 2799 1259 2884 Belgicus
1277 2803 1413 2884 provin·

336 2901 339 2907 ’
444 2911 511 2979 cias
536 2912 757 2995 derelinquere
782 2917 948 2986 nolebant.
994 2919 1171 3005 Nunquam
1199 2937 1311 2992 contra
1327 2927 1416 3010 Pur-¹

445 3053 613 3117 uarum,
636 3036 813 3122 Hispaniae
831 3040 953 3126 Regem
974 3060 1087 3108 verum
1114 3024 1228 3114 contra
1244 3052 1418 3136 praedato,
1455 3051 1458 3058 ’

444 3181 499 3230 res
528 3161 767 3246 Anrwerpiae,
801 3183 885 3246 quos
912 3165 1051 3232 Ordines
1081 3169 1242 3238 vocabant
1264 3173 1410 3258 uyandeu

440 3307 509 3358 uara
526 3291 607 3372 dune
632 3288 803 3373 Mcg'csteyt
818 3291 869 3352 ‘au
893 3287 932 3353 de
953 3308 1099 3376 gemaene
1122 3295 1295 3378 uoluam,
1319 3319 1410 3366 euers

254 3435 258 3445 ·
351 3493 355 3502 ,
443 3412 543 3480 eitum
562 3430 755 3499 paraverunt
774 3428 951 3483 nostrates.

485 3539 666 3608 Evidenter
681 3541 714 3607 id
727 3542 867 3624 probant
882 3555 951 3608 acta
974 3541 1157 3612 authentica
1172 3545 1303 3618 illorum
1323 3565 1404 3632 tem.

443 3680 581 3748 porum,
604 3665 661 3730 ubi
678 3667 871 3735 mentionem
895 3666 1018 3736 faciunt
1037 3667 1176 3739 Ordines
1194 3675 1233 3741 de
1251 3677 1404 3750 obedien-

440 3787 488 3854 tia
508 3789 614 3857 debita
631 3790 715 3878 Regi
735 3791 943 3877 Hispanico,
966 3792 1010 3858 ita
1024 3807 1061 3859 ut
1085 3797 1192 3862 omnia
1209 3801 1311 3868 edicta
1329 3824 1408 3886 pro·

443 3915 662 3996 mulgarentur
692 3917 822 3982 nomine
856 3915 957 3998 Regis
980 3916 1163 4002 Hispanici.
1215 3924 1405 4014 luctum,

442 4051 543 4119 quum
571 4037 764 4105 conderetur
797 4036 1001 4108 celeberrima
1028 4042 1203 4112 Academia
1227 4067 1406 4124 uueuuuo

1343 4201 1404 4252 BA·
1422 4219 1425 4227 ¹

471 4292 557 4362 (nl
579 4297 639 4356 vu.
660 4301 708 4354 Mt
735 4302 770 4354 ἁ
790 4301 874 4367 nic.
898 4313 968 4358 va·
994 4306 1277 4383 narrantum,
1300 4311 1407 4386 Qum.

436 4385 515 4446 Μ
527 4385 610 4460 Μ,
622 4390 680 4450 uu
693 4393 725 4450 u.
746 4395 814 4450 eu
1324 4413 1326 4418 .

975 4488 1049 4579 0s
