4656 6318
898 781 1008 844 ’.“.“.,.“

1367 807 1433 875 2¹3

473 1016 495 1054 „
516 966 555 1038 de
562 963 794 1036 eertssueesu
800 968 1006 1033 communale.
1021 1001 1061 1015 —
1073 965 1122 1032 Le
1128 964 1297 1051 judieieux
1306 971 1430 1042 Knuu·

474 1137 496 1176 „
518 1115 540 1158 a
567 1093 672 1158 selue
680 1093 840 1179 plusieurs
869 1110 997 1155 erreurs
1023 1111 1080 1155 sur
1098 1091 1140 1155 les
1164 1097 1327 1162 aueienues
1344 1101 1431 1164 relu-

471 1261 494 1298 „
515 1219 596 1283 tiens
608 1214 660 1281 des
674 1213 852 1282 Communes
867 1239 906 1283 ou
921 1215 974 1282 des
992 1216 1091 1283 Etuts
1102 1262 1114 1297 ,
1126 1220 1220 1304 qu'ou
1232 1243 1270 1287 ne
1279 1242 1357 1312 peut
1367 1245 1430 1315 pus

474 1386 496 1422 „
518 1341 680 1406 attribuer
698 1344 720 1405 ὰ
736 1340 788 1409 des
809 1341 917 1410 bivues
934 1345 1198 1410 involuntuires.”

912 1588 995 1654 XI.

514 1830 617 1897 Recte
648 1827 833 1899 Muneeus
866 1833 901 1898 in
930 1830 1024 1897 Orat.
1048 1832 1093 1897 11.
1157 1878 1178 1913 ,‚
1210 1833 1327 1918 Neque
1359 1849 1432 1897 uero

473 2003 495 2040 „
516 1958 592 2021 huuc
626 1979 648 2022 a
677 1979 724 2024 me
748 1963 798 2024 itu
828 1959 1037 2046 disputantur
1067 1975 1103 2024 ut
1128 1955 1335 2036 contendam,
1370 1958 1433 2019 uisi

475 2087 639 2167 „litteris
665 2082 824 2148 eruditum
846 2089 944 2150 ciuem
964 2089 1099 2170 patriae
1123 2081 1231 2146 utilem
1256 2101 1317 2145 esse
1334 2083 1432 2144 nemi·

473 2255 495 2290 „
516 2230 585 2272 uem
609 2224 717 2294 posse;
739 2204 795 2268 sed
817 2207 871 2271 hoc
898 2203 986 2272 dico:
1009 2212 1072 2271 uisi
1092 2209 1209 2274 litteris
1229 2205 1348 2268 exculti
1368 2207 1434 2269 siut
1502 2217 1517 2226 “

474 2377 496 2414 „
517 2334 564 2410 ii,
588 2333 644 2412 qui
669 2329 755 2392 uelut
780 2330 816 2388 iu
840 2324 1045 2408 Reipublicae
1059 2331 1160 2411 puppi
1185 2325 1343 2407 sedentes,
1367 2331 1434 2394 clu·

474 2499 496 2534 „
517 2472 590 2518 vum
618 2466 745 2532 teuent,
770 2452 879 2516 multis
901 2471 947 2515 eos
967 2451 1107 2512 muueris
1130 2455 1202 2531 sui,
1224 2456 1323 2538 iisque
1331 2469 1434 2542 prae·

474 2625 496 2662 „
517 2581 617 2668 cipuis
637 2575 789 2664 partibus
813 2576 987 2639 necessario
1009 2570 1216 2655 defuturos.”

892 2817 1011 2885 nli,

515 3072 685 3140 Historico
714 3069 845 3136 omnino
878 3067 955 3134 licet
985 3067 1024 3132 de
1058 3067 1155 3132 rebus
1189 3086 1270 3150 quas
1302 3089 1438 3158 narrat„

473 3196 553 3279 quid
578 3194 695 3262 sentiat
724 3194 841 3260 diserte
864 3192 1034 3261 declarare.

875 3429 1029 3498 XIII.

516 3673 812 3740 Commendandum
839 3687 891 3737 est
915 3671 995 3736 illud
1027 3682 1169 3734 veterum
1199 3668 1353 3739 effatum:
1387 3678 1433 3741 i'et

474 3815 545 3880 gem
573 3815 643 3860 esse
670 3795 803 3859 unimam
831 3793 999 3876 civitatis;
1023 3793 1196 3858 dummodo
1229 3794 1305 3859 haec
1336 3799 1442 3866 verba:

474 3940 541 3988 non
567 3921 606 3983 ad
624 3917 737 4000 popuii
756 3918 1044 4001 consuetudinem,
1068 3923 1123 3986 sed
1140 3921 1180 3984 ad
1204 3924 1366 3990 veritatem
1385 3924 1442 3992 in·-

475 4059 705 4127 terpretemur:
728 4060 776 4111 est
794 4045 875 4111 enim
901 4049 952 4112 lex
969 4060 1129 4112 aeternum
1149 4048 1318 4129 quiddam,
1344 4053 1443 4132 quod·

477 4170 630 4232 mundum
657 4145 764 4251 regit,
789 4169 962 4252 imperandi
988 4169 1249 4255 prohibendique
1267 4175 1434 4260 sapienties

477 4292 578 4364 Gonf.
604 4295 747 4362 Cicenu
768 4295 808 4364 de
835 4295 941 4379 Legg.
966 4299 994 4369 l.
1025 4299 1068 4366 C·
1093 4318 1150 4365 22.
