4700 6324
900 795 1008 854 Ξ
1348 791 1415 889 137

489 971 688 1054 sraecipuae
705 971 803 1057 hujus
823 971 963 1042 loederis
981 976 1184 1046 conditiones
1206 997 1314 1050 erant:
1339 984 1359 1065 (
1367 989 1412 1071 3)

494 1101 545 1165 Ut
568 1098 695 1182 Regina
727 1097 869 1168 mitteret
896 1102 1069 1169 exercitum
1104 1105 1313 1189 auxiliarem,
1357 1110 1413 1176 cui

416 1293 419 1298 .
453 1239 616 1311 praeesset
630 1223 856 1292 nobilissimus
867 1227 945 1292 Dux
957 1227 1142 1313 Anglicus3
1169 1231 1309 1300 Ordines
1331 1255 1411 1302 con·

453 1367 505 1424 tra
532 1353 685 1436 quasdam
716 1350 750 1418 in
777 1351 906 1418 foedere
930 1353 1111 1439 designatas
1147 1356 1253 1425 Urbes
1281 1360 1413 1444 pignori

451 1478 577 1545 darent.
849 1557 852 1566 ,

490 1605 546 1672 -Ut
581 1603 788 1671 Gubernator
815 1603 983 1673 Generalis
1005 1605 1085 1692 (4)
1115 1607 1181 1692 (de
1206 1607 1413 1679 Gouuerneur

454 1729 649 1815 Generosi)
684 1729 814 1800 nomine
851 1719 994 1815 Reginae
1029 1731 1230 1816 imperaret,
1274 1735 1414 1819 Regina·
1463 1749 1465 1756 “

455 1873 519 1938 que
538 1856 621 1922 duos
655 1857 783 1940 Anglos
810 1858 965 1943 eligeret,
997 1858 1053 1941 qui
1082 1858 1217 1926 Concilio
1250 1863 1411 1930 adessent.

487 1981 707 2050 *Gubernator
733 1982 926 2065 Generalis,
958 1985 1126 2069 adjuvante
1148 1983 1304 2068 Concilio,
1333 1989 1412 2056 abu·

455 2126 512 2172 sus
540 2106 574 2174 in
608 2106 804 2175 tributorum
833 2096 954 2176 ratione
989 2111 1192 2194 emendaret3
1226 2133 1416 2194 supervaca-

453 2251 590 2300 neotum
619 2221 879 2302 administrorum
909 2251 1076 2299 numerum
1110 2235 1289 2314 minueret,
1321 2236 1414 2302 vitia·

452 2378 518 2441 que
547 2359 582 2425 in
619 2371 790 2441 systemate
823 2356 1001 2424 monetario
1030 2373 1100 2424 orta
1130 2360 1277 2442 tolleret3
1310 2361 1412 2442 (cum
1526 2347 1528 2354 ’

453 2499 580 2554 moneta
598 2483 667 2548 sine
684 2500 845 2548 consensu
860 2481 1096 2550 Gubernatoris
1122 2483 1238 2548 mutari
1252 2503 1320 2551 non
1336 2505 1415 2568 pos·

454 2612 546 2695 set).

499 2739 554 2805 Ne
572 2736 643 2804 sine
663 2752 825 2804 consensu
855 2735 995 2806 Comitis
1023 2733 1254 2802 Lnucnsrnrr
1268 2733 1413 2802 Ordines

455 2863 572 2932 foedus
588 2881 661 2928 cum
687 2861 837 2930 hostibus
860 2877 915 2930 aut
941 2860 1011 2928 aliis
1038 2859 1223 2928 civitatibus
1245 2857 1411 2944 facerent,

454 3011 535 3060 neve
551 2989 699 3072 Regina,
723 2985 945 3070 ignorantibus
971 2984 1168 3068 Ordinibus,
1198 3004 1273 3051 cum
1295 3003 1412 3052 eorum

452 3117 604 3186 hostibus
620 3114 847 3199 pacisceretur.

497 3241 658 3326 Imprimis
673 3237 888 3306 memorabilia
904 3253 982 3304 sunt
999 3239 1110 3304 ultima
1128 3237 1276 3304 foederis
1295 3237 1411 3305 verbra

454 3370 508 3436 De
520 3369 680 3452 beslissing
697 3364 756 3430 der
769 3365 938 3447 geschillen
961 3364 1101 3428 tussohcn
1127 3360 1166 3427 de
1180 3361 1422 3451 prouincienff

454 3494 588 3574 suedan,
612 3491 665 3556 dic
693 3490 770 3558 door
793 3490 854 3556 den
869 3509 1029 3578 gervoontn
1049 3507 1112 3574 weg
1131 3488 1190 3553 der
1200 3489 1330 3572 justitie
1347 3491 1414 3554 niet

455 3621 559 3686 beslist
583 3620 707 3683 kunnan
729 3615 872 3696 worden,
894 3616 994 3681 sullcn
1021 3614 1097 3680 door
1125 3613 1185 3682 den
1211 3612 1414 3702 Opperbrucl·

454 3745 566 3812 babber
586 3759 648 3810 met
660 3741 723 3808 rien
737 3737 844 3806 alani!
858 3742 1031 3807 annotate
1044 3739 1167 3807 worden
1178 3740 1283 3806 bealist
1301 3740 1319 3822 (
1328 3740 1390 3821 5)»

1338 3863 1413 3928 Hoc

493 3993 553 4081 (³¹)
577 4015 708 4068 Invenlrar
731 4013 795 4064 lllnu
818 4014 910 4065 laeam
932 4015 998 4076 apad
1021 4023 1132 4063 nauta
1151 4013 1231 4063 lm
1247 4012 1343 4064 ebron
1365 4011 1414 4064 Fe·

450 4111 546 4160 Aetam
572 4108 623 4158 No.
641 4117 696 4169 ιη.
899 4149 903 4156 ,

491 4199 554 4265 (a)
576 4201 658 4264 Quen
677 4201 859 4248 floorrrur
880 4203 972 4246 aomar
990 4191 1118 4256 Argo-ora
1139 4189 1303 4245 sudhem,

480 4287 546 4353 (5)
564 4289 622 4340 ilat
636 4289 712 4350 laltur
725 4285 888 4351 supalaalone
904 4285 1046 4337 matrbatur
1057 4295 1102 4338 art.
1120 4283 1160 4340 1⁶.
1188 4282 1309 4336 Unloalar
1327 4281 1354 4336 la
1367 4294 1418 4348 aaa

992 4376 1016 4442 S
1390 4379 1424 4430 a·
