4700 6324
971 839 1094 936 <²¹²
1448 862 1508 914 rur

543 1041 569 1107 ti
590 1035 691 1104 luisse
715 1030 856 1100 Ordines
879 1028 1054 1096 Generales
1081 1024 1255 1107 videntum
1281 1042 1355 1091 cum
1382 1024 1507 1092 tandem

544 1169 782 1237 convenerant,
813 1155 889 1220 Dux
913 1153 1152 1240 Ausuconrua
1177 1153 1217 1218 ab
1246 1153 1313 1220 illis
1339 1171 1424 1218 nova
1448 1149 1507 1216 tri.

544 1291 622 1355 buta
638 1285 776 1370 petivit,
798 1296 835 1348 ut
863 1281 1027 1348 efficaciter
1044 1283 1130 1350 Duci
1148 1283 1340 1349 Pantanust
1358 1276 1507 1342 resistere

448 1455 450 1458 ·
541 1429 680 1500 posset,
702 1431 783 1494 quae
801 1410 900 1494 petita
919 1405 1061 1474 subsidia
1090 1385 1320 1470 concesserunt
1350 1401 1505 1468 Ordines.

543 1542 696 1609 Edictum
718 1537 812 1602 etiam
829 1531 1003 1616 proposuit
1023 1548 1088 1611 quo
1108 1526 1330 1596 Calendarium
1346 1541 1505 1606 mutaret,

543 1661 635 1744 quod
655 1661 766 1726 eodem
787 1627 936 1740 tempore
955 1654 989 1720 in
1015 1651 1166 1720 omnibus
1196 1649 1263 1715 fere
1288 1648 1440 1731 Europae
1461 1648 1507 1713 ci-

541 1788 697 1856 vitatibus
728 1783 864 1866 accidit,
887 1780 985 1862 idque
1012 1785 1111 1860 qunm
1129 1774 1321 1858 probassent
1341 1771 1505 1854 Ordines,

542 1887 619 1980 Dux
645 1912 883 1996 Ansuconrrus
910 1907 1072 1973 decretum
1098 1897 1219 1982 edidit,
1241 1903 1336 1986 cujus
1354 1899 1417 1964 hoc
1441 1913 1507 1964 erat

545 2034 748 2102 memorabile
787 2050 818 2102 et
858 2033 1020 2100 insuetum
1053 2025 1193 2095 initium.
1250 2029 1430 2112 Francors
1455 2024 1508 2089 be·

540 2158 700 2224 schermcr
726 2154 786 2222 der
815 2151 1075 2220 cherlandscho
1100 2153 1244 2236 Vryhca'd
1273 2189 1314 2206 -
1345 2156 1429 2221 alsoo
1454 2153 1507 2220 her

538 2279 693 2360 merkelyk
710 2295 749 2344 en
775 2276 880 2340 notoir
908 2277 936 2337 a's
959 2309 997 2322 -
1019 2271 1133 2342 hebben
1158 2275 1196 2357 by
1220 2273 1333 2358 aduysr
1359 2297 1423 2344 aaa
1439 2298 1509 2343 oms

538 2389 616 2471 lirae
639 2423 678 2468 an
697 2415 856 2496 getrouuc
878 2398 917 2466 dc
943 2398 1101 2466 Generalc
1127 2398 1240 2466 Stoico
1263 2419 1328 2468 aaa
1347 2422 1418 2468 orrsr
1437 2420 1509 2480 atr,-

540 2525 687 2614 schreueu
708 2520 938 2590 Nedcrlaudco
964 2545 1002 2589 aa
1034 2523 1087 2589 dit
1116 2543 1182 2590 aon
1205 2546 1275 2590 onss
1304 2523 1508 2592 Rodanum

541 2650 654 2718 Statcn
669 2648 816 2742 alaoorear
838 2645 961 2734 daarop
972 2647 1124 2733 gehoort,
1143 2651 1344 2734 grordinccrt
1361 2651 1472 2736 (59).

534 2831 541 2842 .
586 2771 672 2840 Cum
700 2769 821 2837 realta
849 2789 920 2842 sese
953 2772 1131 2858 haberent,
1162 2777 1242 2844 Dux
1264 2774 1505 2858 Anoucourus
1610 2805 1618 2818 ·

450 2931 452 2937 .
542 2916 636 2984 aegre
660 2895 792 2980 ferens,
810 2900 990 2980 potentiam
1008 2919 1100 2988 suam
1126 2919 1158 2968 et
1178 2900 1217 2968 ab
1239 2900 1416 2968 Ordinibus
1437 2897 1507 2970 Gc-

541 3024 705 3094 natalibus
733 3036 764 3088 et
799 3041 818 3090 a
844 3022 997 3108 Principe
1029 3027 1256 3100 Anaustaco,
1281 3028 1423 3112 quotidie
1450 3027 1510 3096 mi·

547 3139 606 3220 nui
637 3165 669 3216 et
701 3147 858 3232 infringi,
891 3154 1045 3236 maiorem
1081 3153 1301 3223 auctoritatem
1339 3172 1507 3239 capessere

541 3277 684 3356 studuit,
716 3274 764 3340 uti
790 3274 973 3356 Principem
999 3276 1183 3343 absolutum
1210 3280 1366 3360 decebat3
1392 3297 1506 3359 quere·

544 3403 639 3470 batur
669 3401 776 3482 enirn,
805 3399 894 3484 quod
915 3401 960 3468 ab
987 3420 1030 3468 eo
1060 3402 1135 3471 inde
1167 3418 1335 3486 tempore,
1371 3421 1437 3486 quo
1473 3403 1507 3470 in

541 3529 688 3616 Belgium
717 3541 936 3611 pervenerat,
971 3531 1102 3611 quasvis
1133 3529 1344 3599 contumelias
1374 3547 1508 3612 perpes·

544 3641 600 3724 sus
628 3670 716 3735 erat,
740 3652 891 3736 Principe
922 3653 974 3720 sui
1001 3655 1144 3738 ordinis,
1167 3655 1335 3742 indignas,
1361 3629 1504 3738 quamvis

545 3803 606 3866 pro
654 3779 779 3848 viribus
821 3780 889 3848 suis
940 3781 1046 3848 omnia
1092 3783 1254 3848 attulisset
1291 3785 1332 3848 ad
1372 3784 1509 3848 liberan-

544 3909 600 3972 das
633 3909 727 3972 hasce
760 3907 934 3988 regiones3
969 3921 1129 3987 praeterea
1160 3906 1408 3990 indignabatur,
1444 3909 1507 3992 Or·

546 4031 660 4110 dines,
685 4050 757 4096 cum
786 4028 1013 4112 promisissent
1043 4049 1209 4098 securam
1236 4031 1282 4096 rei
1309 4031 1509 4116 pecuniariae

544 4155 678 4224 bellicae
712 4155 776 4239 ipsi
812 4131 1114 4239 commendaturus,
1146 4157 1227 4226 nibil
1260 4158 1350 4226 eliud
1379 4157 1505 4229 misisse

577 4417 653 4484 (59)
669 4419 727 4474 vta
746 4431 811 4474 ror
823 4453 834 4486 ,
847 4383 904 4478 m.
916 4421 997 4482 xvu.
1019 4425 1128 4490 torm,
1144 4434 1185 4488 aa

1073 4619 1081 4632 .
1121 4514 1153 4603 Q
