4656 6318
900 823 1008 886 Ξ
1369 852 1432 918 153

479 1039 551 1088 eom
573 1017 699 1082 Plauto
725 985 1142 1090 Burs,01im'ndv0cato
1166 1007 1322 1076 Ordinum
1347 1012 1432 1080 Hol.

478 1145 616 1214 landiae.
660 1137 724 1204 Hic
752 1155 835 1202 anno
861 1137 1123 1219 15720rdinum
1145 1137 1332 1202 Advocatus
1351 1143 1432 1206 elec·

476 1289 555 1352 tus,
587 1282 723 1352 postea,
763 1264 928 1346 inpetrata
961 1263 1170 1342 dimissione,
1204 1261 1338 1330 Concilio
1377 1266 1431 1331 ad·

478 1399 618 1480 scriptus
648 1391 712 1458 fuit
744 1405 776 1456 et
810 1393 933 1472 legatus
972 1387 1005 1454 in
1037 1390 1184 1468 Anglram
1218 1389 1335 1455 missus
1365 1407 1428 1459 est.

476 1525 563 1592 Cum
589 1521 633 1602 in,
649 1517 780 1599 patriam
816 1516 985 1594 rediisset,
1010 1513 1044 1578 in
1071 1511 1240 1577 Concilium
1266 1517 1432 1582 Leucas.

477 1668 558 1718 ‘rnrt
587 1643 744 1713 admissus
775 1657 837 1709 est.
894 1643 1013 1710 Comes
1049 1657 1150 1718 vero,
1184 1658 1282 1719 quum
1321 1660 1430 1709 mense

472 1775 580 1863 Junii,
610 1769 780 1838 Concilium
804 1769 843 1834 de
868 1787 901 1832 re
927 1763 1109 1850 pecuniaria
1138 1762 1274 1846 (Raude
1292 1785 1356 1831 ran
1374 1767 1431 1832 Fi·

476 1899 636 1981 cantion)
657 1894 825 1960 instituere
843 1898 961 1975 vellet,
977 1895 1134 1959 Psoron
1148 1889 1241 1958 Burs
1260 1893 1335 1959 huic
1352 1894 1431 1960 Con·

475 2029 547 2093 cilio
584 2023 764 2091 adscribere
796 2021 903 2088 voluit
934 2021 1049 2104 (ga).
1104 2019 1208 2102 Cujus
1239 2017 1286 2082 illi
1324 2034 1429 2088 tamen

476 2153 636 2238 particeps
664 2168 734 2214 esse
762 2146 887 2227 noluit3
922 2145 991 2211 sive
1029 2145 1117 2225 quod
1145 2142 1330 2208 societatem
1357 2164 1430 2210 cum

477 2273 713 2345 Gubernatoris
742 2271 858 2336 cliente
882 2269 1094 2344 Raruoour
1123 2283 1368 2349 aspernaretur,
1390 2269 1434 2334 si·

478 2425 519 2472 ve
544 2402 631 2486 quod
653 2399 781 2464 illorum
799 2399 1046 2478 amplecteretur
1068 2393 1276 2476 sententium,
1301 2396 1358 2476 qui
1379 2399 1435 2482 iu.

478 2531 641 2606 dicarent,
665 2523 788 2590 Comici
813 2541 880 2586 non
902 2521 998 2585 licere
1021 2519 1092 2584 sine
1116 2517 1274 2582 Ordinem
1295 2537 1433 2588 consen·

383 2647 387 2655 ’
477 2671 517 2722 au
545 2651 608 2716 hoc
630 2646 798 2714 instituere
822 2644 1018 2728 Collegium.
1063 2642 1113 2706 Ut
1130 2654 1166 2705 ut
1186 2653 1258 2723 est,
1281 2659 1431 2726 constat,

477 2798 569 2864 aegre
600 2774 715 2842 tulisse
739 2773 1022 2838 Lercssrntuu.

520 2905 583 2976 Die
614 2923 652 3004 19
670 2899 747 2984 Julii
775 2917 858 2965 anno
884 2899 967 2981 1586
1003 2896 1263 2962 Lercssrruus
1302 2893 1432 2962 vixdum

480 3034 666 3119 Traiectum
704 3027 875 3106 reliquerat
912 3038 944 3089 et
972 3042 1045 3088 cum
1070 3020 1203 3086 Concilio
1232 3019 1266 3086 in
1297 3019 1433 3086 Hollan-

480 3163 560 3228 diam
588 3154 754 3240 profectus
780 3167 864 3231 erat,
889 3168 986 3231 quum
1013 3161 1143 3230 repente
1170 3125 1314 3212 Pilutus
1339 3149 1432 3216 Burs

479 3285 567 3353 domi
596 3279 812 3364 deprehensus
846 3289 882 3338 et
916 3273 950 3339 in
986 3289 1140 3336 carcerem
1174 3270 1331 3354 abductus
1358 3287 1432 3352 est,

478 3414 604 3477 chartae
619 3407 792 3484 literaeque
810 3403 878 3485 ejus
896 3393 1080 3480 obsignatae
1100 3407 1132 3457 et
1145 3409 1323 3474 asportatae
1341 3411 1431 3464 sunt.

521 3541 613 3606 Haec
646 3530 751 3600 omnia
781 3523 910 3594 nornine
944 3518 1082 3588 Comitis
1118 3517 1257 3600 fiebant,
1289 3523 1434 3602 quamvis

482 3679 625 3749 postea,
658 3676 755 3741 quum
791 3652 913 3719 videret
957 3645 1094 3712 Ordines
1134 3643 1324 3713 Hollandiae
1354 3648 1436 3716 illud

479 3810 572 3874 aegre
604 3786 719 3864 ferre,
763 3799 822 3845 suo
866 3780 958 3861 jussu
993 3769 1113 3836 factum
1156 3789 1227 3835 esse
1260 3774 1433 3856 negaverit.

481 3914 640 3996 Captivus
672 3902 815 3988 quamvis
839 3895 1077 3964 Amersfordiae
1104 3908 1221 3974 natus,
1242 3914 1327 3961 nunc
1353 3897 1439 3963 Hol-

477 4038 595 4106 londus
616 4031 759 4098 minister
783 4043 815 4092 ct
841 4022 1025 4108 provinciae
1050 4018 1241 4089 Hollandiae
1265 4019 1300 4086 in
1326 4020 1434 4086 Conci·

1390 4150 1439 4232 [u.

501 4340 581 4406 na)
606 4335 772 4390 flruiulsnon
794 4337 838 4385 cler
854 4329 1044 4387 Gelluillolm,
1065 4329 1163 4384 conia
1178 4325 1223 4378 lar·
1249 4325 1397 4379 uuonan.

1010 4446 1044 4515 v
1090 4461 1095 4468 .
