4656 6318
918 853 1026 896 *
1361 878 1434 955 ¹99

466 1042 557 1106 erse,
593 1043 675 1108 quse
710 1044 768 1109 per
793 1027 953 1098 Unieneur
979 1034 1159 1103 communia
1188 1039 1310 1112 reddita
1334 1062 1424 1119 sunt.

465 1146 512 1214 Hi
533 1168 611 1216 vero
638 1150 735 1218 nobis
762 1156 891 1236 quidem
915 1157 948 1224 in
976 1179 1084 1227 errore
1106 1163 1226 1232 versari
1250 1169 1423 1258 videntur,

463 1297 538 1344 cum
565 1281 726 1346 nullarum
746 1282 984 1364 provinciarum
1005 1287 1145 1357 Ordines
1166 1299 1347 1366 consentire
1363 1319 1423 1370 vu·

465 1405 565 1470 luisse
593 1405 779 1487 credamus,
811 1423 848 1474 ut
882 1429 994 1478 eorum
1021 1414 1155 1500 delegati
1193 1420 1228 1487 in
1260 1435 1425 1496 conventu

465 1529 623 1598 Ordinunr
660 1532 865 1600 Generalium
890 1535 1071 1607 facultatem
1105 1540 1258 1612 haberent
1289 1549 1329 1614 de
1357 1568 1425 1618 onr-

461 1655 559 1724 nibus
588 1657 752 1724 Unienern
776 1659 995 1740 spectantibus
1019 1665 1117 1734 libere
1141 1675 1322 1759 statuendi,
1345 1698 1422 1762 pre·

463 1774 537 1860 prio
566 1779 658 1843 lucro
688 1793 743 1846 aut
778 1781 894 1850 mm
927 1791 1123 1874 preposite,
1156 1795 1226 1863 siue
1259 1782 1422 1870 consensu

464 1901 625 1970 Ordinum
657 1909 921 1993 provinciarum,
943 1919 996 1982 vel
1024 1918 1134 1984 audite
1160 1919 1294 1992 iliorum.
1314 1929 1422 1996 censi·

460 2028 523 2099 iio.
576 2031 611 2098 si
640 2032 724 2099 eninr
759 2033 1010 2106 Usufructuarii
1033 2043 1096 2109 dici
1124 2065 1261 2130 possent
1284 2055 1427 2124 Ouiines

460 2155 663 2242 Generuies,
687 2161 752 2229 illis
775 2162 904 2250 juribus
930 2170 1026 2248 plene
1048 2167 1114 2236 frui
1138 2191 1309 2262 poterant,
1333 2185 1420 2250 nulia

458 2283 570 2349 ,hubita-
600 2285 821 2372 Proprietarr'r'
849 2287 993 2372 ratione3
1016 2297 1118 2360 medo·
1142 2299 1236 2365 finite
1270 2304 1425 2372 usufruc-

458 2423 518 2490 tu,
541 2412 613 2493 iure
642 2407 823 2472 Ordinibus
848 2411 1102 2486 provincialibus
1127 2420 1345 2493 restituerent.

500 2529 610 2595 Nobis
629 2522 757 2607 quidem
775 2525 926 2592 videntur
947 2529 1087 2602 Ordines
1111 2537 1285 2610 Gener-aies
1302 2550 1419 2630 potius·-

457 2655 593 2724 nubendi
620 2670 680 2736 pro
713 2650 938 2734 mendensis,
971 2657 1025 2738 'qui
1061 2665 1239 2733 secuudumw
1261 2671 1350 2756 jussa
1382 2693 1417 2744 et

456 2777 602 2844 nundus
634 2787 755 2858 egunt,
799 2775 919 2858 quibus
950 2797 1141 2862 potestatem
1171 2769 1223 2862 his
1256 2800 1416 2872 nunciatis

455 2916 640 2966 cencessum
674 2897 828 2964 excedere
858 2918 925 2967 neu
959 2903 1053 2991 licet,
1086 2916 1209 3000 quique
1243 2925 1408 3013 ratiunes,

452 3025 629 3094 secuudum
658 3039 739 3102 quae
763 3037 920 3108 egerunt,
942 3048 1102 3114 exponere
1124 3041 1255 3114 debent.

471 3150 658 3216 -Preuerea
685 3144 712 3210 si
745 3165 863 3214 nemen
897 3152 1052 3226 Ordinurn
1077 3167 1282 3236 Genereiium
1310 3174 1407 3243 inter·-

454 3286 617 3356 pretarnur
638 3293 750 3340 ornnes
780 3273 1016 3357 provinciarum
1045 3287 1183 3363 Ordines
1210 3297 1310 3367 simui
1331 3319 1410 3372 con.

453 3393 647 3478 venientes,
672 3401 720 3466 uti
750 3417 895 3488 tempore
931 3409 1074 3480 Currere
1095 3417 1129 3482 V
1159 3422 1295 3504 (qualis
1331 3441 1410 3497 coni·

450 3537 567 3590 ventus
602 3527 715 3609 seius,
739 3529 875 3613 proprio
896 3550 994 3600 sensu
1012 3539 1171 3610 ordinum
1200 3547 1412 3624 Generaliuut.

448 3620 634 3716 cenventus
658 3651 722 3720 dici
745 3657 881 3740 petest)
910 3671 988 3726 tunc
1006 3665 1104 3733 aliern>
1125 3675 1239 3754 opinio
1253 3681 1292 3742 de
1318 3682 1412 3748 Usu*

452 3772 637 3841 fructuariis
669 3792 708 3864 et
730 3779 957 3858 Proprietariis
982 3801 1020 3844 eo
1051 3791 1154 3871 magis*
1181 3815 1265 3894 φης
1291 3801 1405 3872 funda.

453 3909 584 3974 mento,
607 3897 696 3974 quod
718 3913 749 3962 et
772 3898 961 3970 usufructus
982 3923 1015 3974 er
1037 3920 1216 3998 proprietas
1233 3928 1318 4008 apud
1334 3939 1407 3996 eant

451 4022 523 4086 dem
550 4033 710 4096 manerent
736 4040 926 4104 personam:
966 4049 1043 4102 tunc
1075 4042 1157 4108 enirn
1190 4054 1411 4122 consolidatio·

451 4149 596 4226 adesset,
620 4163 651 4213 et
675 4146 821 4214 finiretur
848 4153 1050 4224 usufructus.

493 4273 542 4339 Et
568 4273 614 4341 sie
647 4275 777 4358 uiridem
802 4275 841 4342 ud
873 4277 969 4346 finem
994 4298 1110 4353 nostru·
1135 4289 1277 4362 decrnrir
1296 4302 1415 4387 dispu-

1363 4443 1413 4494 ta,-

689 4584 706 4652 i
