4654 6338
912 1040 1115 1095 contractum
1154 1043 1206 1092 aes
1233 1027 1398 1110 alienum,
1431 1031 1561 1096 alteram
1598 1044 1720 1113 partem
1753 1034 1794 1099 ad
1818 1034 1880 1102 mi·

916 1156 1011 1226 limm
1047 1153 1206 1242 stipendia
1233 1157 1387 1223 solvenda
1419 1155 1604 1236 adhiberet;
1638 1155 1763 1224 tertiam
1790 1160 1878 1226 deni·

918 1302 984 1364 que
1008 1297 1129 1364 partem
1142 1284 1408 1352 vad-sustentanda
1424 1301 1521 1350 onera
1545 1283 1739 1368 majestatica
1757 1282 1879 1352 insum·

917 1425 1025 1477 turus.
1077 1412 1243 1477 Praeterea
1275 1407 1528 1473 delibemverunt
1564 1406 1703 1473 Ordines
1738 1409 1777 1474 de
1806 1409 1881 1490 qui·

915 1533 1050 1598 busdam
1069 1532 1167 1598 rebus
1192 1531 1299 1599 minus
1316 1531 1602 1608 memorabilibus,
1628 1529 1735 1610 (quae
1754 1546 1880 1600 enarrat

914 1677 993 1724 vnn
1016 1677 1094 1724 nnn
1117 1655 1262 1737 oons),
1286 1671 1318 1719 et
1339 1657 1484 1736 quamvis
1504 1656 1651 1738 nuspiam
1672 1656 1789 1722 diserte
1814 1659 1879 1741 sig·

913 1777 1087 1861 nificetur,
1110 1775 1279 1860 probabile
1303 1793 1409 1846 tamen
1434 1781 1530 1847 nobis
1549 1781 1698 1862 videtur,
1729 1782 1876 1850 Concin-

914 1922 987 1970 ncm
1015 1903 1177 1972 dimissam
1195 1922 1290 1986 esse,
1318 1924 1418 1985 quum
1437 1925 1476 1974 ex
1498 1905 1578 1974 actis
1606 1905 1764 1973 Ordinum
1793 1905 1879 1972 Hol-

915 2034 1037 2098 landiae
1064 2047 1239 2116 appareat,
1271 2029 1420 2109 sequenti
1445 2030 1496 2096 die
1530 2033 1568 2098 18
1596 2029 1715 2099 Martis
1738 2031 1878 2100 Ordines

913 2151 1105 2218 Hollandiae
1128 2154 1252 2236 Hagam
1276 2149 1441 2216 Comitum
1459 2152 1523 2232 jam
1545 2157 1755 2236 convenisse,
1775 2176 1876 2238 quum

913 2276 1126 2346 deliberarent
1151 2277 1190 2342 de
1214 2273 1429 2358 stoo,ooo,
1461 2293 1545 2356 quoa
1570 2275 1727 2359 petiverat
1754 2281 1877 2348 Cano·

911 2421 982 2468 wa
1007 2403 1101 2488 (s)-
1393 2493 1398 2502 ,

954 2529 1048 2597 Talis
1074 2530 1173 2616 igitur
1200 2529 1269 2596 fuir
1294 2543 1428 2596 eventus
1453 2528 1629 2614 primorum
1654 2529 1873 2596 Comitiorum

912 2655 1071 2724 Ordinum
1102 2657 1313 2726 Generalium
1352 2657 1590 2738 provinciarum
1616 2653 1736 2738 belgii.
1784 2651 1873 2718 Haec

908 2783 1012 2868 prima
1046 2784 1188 2850 Comitia
1216 2783 1457 2852 fundamentum
1492 2781 1585 2865 quasi
1612 2779 1745 2846 fuerunt
1766 2781 1870 2864 buius

911 2909 1130 2986 Conventus,
1157 2907 1214 2987 qui
1247 2906 1376 2986 saepius
1409 2919 1561 2988 posteat
1586 2904 1749 2983 plerisque
1775 2905 1874 2970 Sum.

912 3051 984 3096 mus
1016 3031 1181 3112 Imperans
1213 3029 1441 3114 (Somnus)
1469 3025 1583 3092 barum
1608 3023 1775 3106 regionum
1810 3047 1872 3094 vo·

912 3158 1059 3226 cabatur·

955 3287 1068 3366 Itaque
1084 3281 1223 3350 Ordines
1246 3281 1426 3352 Generales
1449 3281 1553 3368 belgii
1582 3279 1868 3364 convocabantur,
1893 3295 1895 3300 ’

911 3412 997 3480 sicut
1017 3407 1157 3476 Ordines
1183 3407 1279 3474 unius
1304 3407 1489 3490 provinciae
1504 3402 1678 3473 convenite
1697 3407 1866 3488 solebant,

911 3552 944 3601 et
971 3538 1076 3599 nullas
1107 3531 1183 3594 alias
1212 3530 1256 3590 ob
1287 3547 1423 3608 causas,
1460 3547 1554 3610 quam
1593 3529 1636 3592 ob
1665 3532 1868 3598 concedenda

909 3653 1075 3735 subsidia,
1100 3667 1181 3732 quae
1202 3661 1293 3712 antea
1322 3651 1374 3714 vel
1396 3667 1417 3711 a
1439 3648 1589 3733 Principe
1604 3655 1678 3730 vel,
1698 3651 1786 3714 illius
1803 3671 1868 3716 no·

911 3779 1017 3858 mine,
1041 3795 1059 3842 a
1090 3771 1318 3864 Gubernatore
1339 3772 1594 3859 (dtadhouder)
1615 3772 1655 3838 ab
1688 3772 1865 3842 Ordinibus

910 3903 944 3970 in
967 3917 1158 3984 unaquaque
1177 3900 1349 3982 provincia
1376 3901 1581 3984 petebantur.

950 4026 1125 4093 Videamus
1143 4043 1259 4105 ntutc,
1283 4044 1435 4106 quaenam
1466 4023 1506 4088 de
1533 4019 1598 4086 illis
1623 4019 1662 4086 ab
1690 4019 1864 4100 Imperato-

906 4175 943 4222 te
981 4153 1091 4236 petitis
1123 4148 1278 4215 subsidiis
1315 4148 1349 4210 in
1386 4144 1601 4212 conventibus
1642 4141 1799 4210 Ordinum
1830 4141 1864 4213 in

1781 4285 1861 4351 pro·

909 4459 1072 4526 ·(.5).Vld·
1100 4465 1197 4513 un
1213 4468 1287 4512 tart
1309 4463 1380 4510 aas
1398 4461 1506 4510 oona·
1528 4445 1648 4506 nogrsur
1665 4446 1774 4508 ΒΜ·
1789 4441 1845 4522 '⁶2‘
