4656 6318
878 792 949 868 ¹44
1288 775 1418 828 -

917 958 1099 1027 Videndum
1136 959 1235 1044 igitur
1266 961 1394 1044 primo,
1433 974 1590 1052 quatenus
1620 963 1756 1034 rainerit
1782 971 1837 1048 ilia

875 1084 1035 1154 ordinum
1058 1081 1263 1150 Generalium
1290 1081 1544 1167 argumentati03
1567 1083 1682 1152 deinde
1705 1086 1741 1154 iu
1768 1091 1840 1168 qui·

877 1210 940 1278 bus
960 1211 1055 1277 rebus
1075 1205 1246 1276 instructio
1266 1205 1391 1274 Comiti
1412 1206 1483 1271 data
1502 1204 1542 1271 ab
1561 1205 1627 1273 illis
1650 1229 1730 1292 quae
1745 1231 1838 1296 prae.

877 1334 1103 1402 decessoribus
1120 1336 1211 1401 datae
1225 1346 1340 1412 erant,
1361 1331 1517 1398 differet.

921 1459 1034 1539 Itaque
1050 1478 1118 1525 non
1142 1457 1326 1524 dubitamus
1351 1457 1531 1540 affirmare,
1553 1459 1615 1524 hoc
1633 1478 1700 1526 non
1720 1461 1754 1528 in
1770 1458 1840 1528 ani·

877 1599 933 1648 mo
950 1580 1102 1648 habuisse
1120 1579 1260 1648 Ordines
1279 1580 1477 1667 Generules,
1501 1605 1567 1668 quo
1581 1600 1726 1666 tempore
1743 1581 1841 1649 Lar·

881 1723 1037 1776 cnsrnro
1088 1703 1248 1774 deferrent
1299 1705 1440 1776 civitatis
1501 1705 1839 1786 administrationem,

880 1836 971 1918 quod
998 1845 1087 1916 patet
1113 1847 1153 1894 ex
1178 1826 1258 1910 ipsis
1286 1829 1395 1897 verbis
1421 1830 1582 1898 Ordinum
1615 1827 1731 1898 edicti:
1768 1831 1839 1898 hen

874 1977 974 2045 geren
998 1957 1052 2021 het
1077 1954 1199 2038 hoogste
1221 1949 1335 2038 gebied
1354 1971 1392 2017 cn
1405 1951 1545 2018 absolute
1565 1966 1703 2039 opperste
1718 1956 1844 2018 autori·

879 2085 989 2164 teytin
1007 2075 1204 2162 trygszaken
1226 2109 1264 2126 -
1285 2091 1322 2164 op
1339 2076 1391 2142 het
1409 2077 1516 2161 beleyd
1530 2079 1594 2145 der
1604 2098 1748 2165 gemaene
1771 2077 1844 2147 bar·

874 2201 1038 2288 gerzaken
1058 2199 1085 2263 ’t
1101 2198 1208 2280 zelfda
1222 2202 1311 2266 recht
1326 2205 1376 2266 als
1389 2203 1429 2268 de
1437 2205 1592 2288 generale
1621 2202 1843 2272 Gourerneurs
1909 2255 1910 2262 κ

875 2323 995 2413 gehadt
1019 2321 1161 2406 hebben
1195 2322 1314 2404 quibus
1344 2323 1454 2389 verbis
1490 2325 1640 2392 addamus
1669 2323 1842 2394 formulam

877 2446 1105 2538 jurisjurandi,
1131 2467 1196 2532 quo
1220 2447 1284 2532 ipsi
1309 2446 1449 2514 Ordines
1473 2446 1647 2518 Generales
1668 2451 1844 2522 Mandata-

883 2595 958 2655 ης,
985 2571 1204 2641 Gubernatori
1227 2569 1422 2652 promittunt
1438 2569 1534 2636 fidem
1554 2587 1586 2638 et
1612 2573 1847 2660 obedientiam,

883 2699 1024 2766 deltoton
1041 2694 1100 2762 deo
1128 2693 1335 2762 Gouvcrntur
1359 2691 1522 2762 Generael
1543 2696 1602 2763 dtr
1627 2705 1846 2775 roorschrem

877 2827 1065 2918 ptort'ncr'eo
1079 2864 1093 2904 ,
1108 2839 1149 2882 en
1165 2830 1323 2907 oppcrsten
1346 2815 1502 2884 Veldheer
1515 2835 1547 2887 te
1564 2820 1697 2908 berryscn
1715 2827 1779 2894 alle
1791 2829 1848 2896 ,ba-

885 2948 1045 3034 hoorlycke
1068 2962 1203 3012 rnouw
1224 2959 1275 3008 nu
1296 2959 1669 3014 ounnnnauroueunr
1685 2949 1802 3036 (19).

926 3072 1028 3142 Extra
1046 3082 1172 3132 ornnem
1182 3062 1411 3132 dubitationem
1429 3085 1500 3134 esse
1520 3068 1672 3155 videtur,
1697 3095 1845 3162 magnum

892 3213 963 3262 esse
976 3189 1148 3258 discrimen
1176 3188 1259 3256 inter
1284 3192 1365 3263 hanc
1391 3191 1578 3260 electionem
1605 3169 1848 3282 et·praeceden.

891 3333 955 3386 tes.
1014 3314 1123 3384 Fidem
1166 3313 1250 3380 enirn
1286 3329 1430 3402 tempore
1461 3317 1628 3389 Pnrttrrr
1664 3326 1852 3408 juraverunt
1952 3329 1957 3338 '

888 3443 1029 3510 Ordines
1066 3437 1370 3526 Gubernatoribus‚
1409 3461 1568 3524 nusquam
1605 3464 1683 3514 uero
1723 3451 1849 3524 inveni.

890 3581 985 3640 mus,
1014 3559 1224 3624 Parnason
1248 3562 1342 3628 fidem
1374 3567 1502 3633 dedisse
1533 3568 1752 3638 Gubernatori
1777 3595 1852 3646 ase

890 3699 999 3752 creato
1018 3683 1116 3749 ethis
1140 3683 1324 3768 regionibus
1353 3690 1550 3772 praeposito.
1595 3692 1770 3762 Mandator
1797 3717 1848 3768 est

895 3828 928 3884 at
944 3831 1071 3896 semper
1097 3826 1202 3879 manet
1224 3829 1319 3894 supra
1342 3811 1564 3880 mandatarios.
1608 3815 1696 3884 Haec
1721 3821 1849 3916 quidun

893 3943 1004 4026 regula
1023 3940 1103 4005 hanc
1124 3935 1225 4012 babet
1248 3935 1487 4024 exceptionem
1511 3935 1541 4002 si
1567 3943 1746 4010 mandatum
1768 3948 1854 4030 ejus·

1780 4087 1855 4137 mo·
1919 4046 1922 4052 ’

932 4225 1079 4292 (mum.
1097 4228 1340 4296 numerurm.
1363 4228 1451 4284 rant.
