4654 6338
946 874 1056 938 Ξ
1429 907 1472 980 ss

506 1050 714 1136 imperatoris
725 1052 926 1145 Ordinibus,
942 1061 1089 1149 sequenti
1107 1063 1160 1162 die
1182 1071 1223 1139 28
1241 1070 1359 1142 mensis
1375 1070 1466 1144 Mer·

511 1157 576 1243 tis,
607 1161 715 1228 datum
738 1161 794 1230 sit.
872 1257 875 1264 Ι

587 1350 618 1390 ,,
641 1309 817 1377 Audiuisse
836 1314 1064 1400 Imperatorem
1086 1322 1141 1388 iiia
1165 1339 1246 1404 quae
1266 1322 1405 1392 Ordines
1423 1325 1463 1390 ad

481 1477 484 1482 .
521 1427 522 1432 ’
548 1477 571 1516 ,,
593 1431 821 1502 emendandum
834 1453 953 1508 statum
968 1445 1120 1514 Civitatis
1132 1450 1402 1530 proposuissent:
1428 1467 1464 1518 se

493 1549 498 1560 '
547 1557 698 1639 „ipsum
720 1563 856 1630 morin
885 1567 1092 1639 Hoiitndiam
1117 1590 1312 1661 venturum,
1346 1580 1380 1646 in
1409 1597 1467 1646 eo·

543 1721 569 1764 -„
590 1698 660 1745 rum
692 1688 899 1765 propositum
925 1693 1178 1781 inquisiturum,
1211 1704 1304 1786 cujus
1343 1703 1371 1766 si
1398 1702 1464 1767 uti·

546 1804 721 1886 „litatem
748 1815 971 1906 perspiceret,
994 1845 1030 1891 se
1058 1823 1164 1892 statim
1191 1824 1273 1892 hanc
1297 1841 1364 1894 rem
1392 1849 1463 1896 esse

544 1980 573 2017 „
596 1938 824 2004 curaturum.”

542 2063 607 2129 Sed
626 2067 791 2146 quomodo
813 2069 852 2135 de
874 2090 907 2136 re
928 2070 1100 2154 principaii
1124 2072 1366 2156 (diminutione
1385 2077 1465 2142 sub·

494 2188 685 2274 sidiorum)
706 2193 905 2276 respondit?
939 2193 1015 2259 doch
1032 2196 1071 2278 hy
1087 2193 1235 2282 begeerde
1258 2199 1458 2282 (ondertus·

497 2315 629 2402 schcn)
657 2314 716 2381 dat
744 2313 795 2381 die
820 2337 884 2384 ran
915 2320 1072 2390 Hellandt
1099 2320 1325 2411 proocedeerert'
1349 2321 1461 2391 milden

493 2453 543 2505 tot
565 2461 637 2523 syrte
657 2444 785 2528 petitio·

540 2567 701 2634 Ordinum
738 2565 925 2635 Advocatus
960 2591 1037 2637 vnn
1060 2588 1137 2641 mnu
1165 2591 1281 2656 ooms,
1314 2577 1371 2657 qui
1402 2589 1460 2643 ed·

493 2709 566 2756 rum
591 2691 723 2756 nomine
748 2689 851 2788 foetes
872 2693 1162 2759 animadversiones
1191 2695 1335 2779 Principi
1354 2699 1458 2766 decit·

490 2834 562 2884 rnre
590 2815 749 2897 debebat,
784 2817 871 2883 eddit
902 2837 939 2885 se
961 2819 1114 2886 erroro
1142 2817 1285 2903 dixisse,
1309 2821 1455 2903 quemvis

478 2941 629 3020 Ordines
656 2941 690 3008 in
720 2939 822 3025 petita
854 2939 997 3007 subsidit
1023 2943 1266 3026 consentirent,
1290 2953 1451 3050 populum

484 3046 594 3136 temen
619 3081 754 3153 propter
790 3066 951 3151 ingentem
992 3067 1157 3167 penuriam
1186 3091 1361 3158 numqutrn
1396 3073 1451 3146 ilie

484 3196 616 3260 solvere
640 3207 760 3276 posset
791 3191 852 3260 dat
882 3191 931 3258 uit
954 3191 1028 3259 dien
1051 3195 1159 3279 h'oufde
1183 3219 1221 3263 en
1244 3221 1322 3285 geen
1347 3201 1449 3266 ander

486 3318 599 3399 eittds,
622 3317 681 3382 dat
706 3317 837 3382 contem
859 3316 1081 3400 geretardeert
1104 3325 1187 3402 sitm,-
1215 3339 1301 3387 nant
1319 3325 1377 3390 dat
1398 3325 1449 3392 dle

484 3459 551 3510 van
582 3427 740 3506 Helland't
771 3439 881 3524 gedec!
910 3437 1001 3522 Zyne
1039 3434 1212 3528 Masesteyt
1247 3451 1445 3522 toebehooren

483 3581 550 3632 met
579 3559 634 3648 lyf
654 3561 730 3630 ende
751 3562 853 3649 gaam
884 3561 1004 3644 quibus
1037 3569 1242 3652 respondisse
1269 3573 1447 3662 Imperato-

483 3711 552 3760 rem
575 3708 701 3761 narratt
731 3708 767 3760 se
796 3693 956 3760 remittere
979 3709 1076 3776 posse
1098 3692 1128 3758 si
1154 3695 1293 3769 Ordines
1318 3709 1446 3774 solvere

483 3836 553 3882 non
580 3831 748 3898 poterent:
780 3820 829 3882 ick
856 3821 911 3884 nil
942 3818 1067 3886 betrout
1098 3841 1154 3906 syn
1190 3827 1302 3893 rondes·
1334 3849 1447 3916 gecon-

481 3938 666 4021 stringeerd
682 3955 713 4003 te
731 3938 852 4006 worden
870 3939 935 4021 ofte
961 3940 1179 4033 Comenschepe
1200 3966 1263 4014 met
1287 3967 1375 4033 myos
1392 3975 1447 4022 en.

482 4058 632 4125 dersatm
658 4076 690 4126 tc
707 4061 825 4145 dryuen
849 4067 920 4152 (8)
945 4068 1134 4137 Hoiiandiae
1158 4071 1296 4142 Ordines
1319 4079 1446 4148 tandem

481 4206 742 4276 consenserunt,
774 4192 918 4278 quamvis
952 4214 1038 4262 nunc
1068 4191 1131 4264 ulio
1165 4203 1261 4270 modo
1291 4206 1442 4277 darentur

1343 4335 1447 4399 suh·

507 4461 567 4527 (t)
594 4461 651 4516 vid.
677 4472 746 4515 vsu
770 4473 838 4518 nn
860 4472 965 4530 nort,
982 4464 1116 4529 Regitur,
1147 4469 1169 4522 1.
1184 4465 1219 4518 1).
1247 4462 1347 4532 prsis

1015 4557 1044 4622 E
1068 4578 1088 4622 n
