4700 6324
889 809 998 874 Ε
1384 823 1428 906 eft

460 1005 626 1072 reinerius
644 993 904 1075 convenierunt,
923 1009 960 1060 ut
970 994 1180 1062 deliberarent
1194 996 1233 1064 de
1251 999 1353 1066 seinte
1366 1017 1426 1082 pu.

459 1127 561 1192 blica.
607 1123 696 1188 Haec
716 1135 825 1185 nostra
845 1118 957 1202 opinio
986 1117 1127 1186 firmatur
1148 1137 1212 1201 eo,
1236 1123 1325 1204 quod
1356 1124 1421 1190 d.t

462 1244 619 1312 Octobris
639 1249 722 1326 157⁶
752 1245 920 1312 Bruxellas
944 1247 1050 1314 solum
1075 1265 1298 1316 convenerunt
1327 1249 1425 1317 Ordi-

460 1393 519 1440 nes
544 1369 755 1451 Brabantiee,
778 1370 944 1438 Fiendriee
971 1383 1002 1434 et
1027 1371 1237 1455 Hemoniae,
1262 1373 1317 1455 qui
1338 1372 1421 1441 nihil

462 1511 625 1576 statuere,
644 1497 701 1561 sed
719 1496 888 1563 adventum
908 1493 1067 1562 Ordinum
1087 1509 1281 1562 caeterarum
1291 1497 1425 1578 provin·

461 1621 580 1687 ciarum
598 1620 777 1701 exspectari
800 1625 974 1687 voluerunt
998 1623 1101 1702 (68);
1124 1621 1303 1710 quoetiern
1326 1619 1426 1686 Ordi-

462 1769 540 1820 num
557 1744 827 1814 Nernurcensiunt
848 1743 1012 1827 delegatos
1029 1744 1185 1827 postridie
1200 1744 1365 1812 advenisse
1382 1746 1427 1810 le·

464 1877 569 1960 ginus
593 1871 705 1958 (69).
747 1868 782 1936 Si
810 1867 888 1932 haee
906 1868 989 1936 ratio
1013 1865 1204 1935 admittenda
1221 1887 1289 1936 non
1314 1883 1423 1946 esset,

466 1997 494 2062 si
519 2009 633 2062 contra
661 1993 773 2060 eodem
795 1993 894 2059 modo
923 1996 1152 2064 convenissent
1172 1995 1220 2064 uti
1244 2008 1336 2062 antea
1362 1992 1428 2059 Or·

464 2123 595 2200 dines,
639 2116 667 2182 si
709 2116 755 2182 ibi
788 2132 971 2184 conventus
1005 2119 1134 2187 habitus
1171 2136 1256 2186 esset
1290 2119 1425 2200 entique

463 2265 576 2326 rnorc,
600 2262 668 2311 non
684 2241 858 2308 deliberare
873 2242 1059 2323 potuissent
1076 2243 1140 2310 nisi
1167 2240 1318 2310 omnibus
1336 2261 1428 2342 prte-

463 2369 609 2438 sentibus
635 2369 751 2452 (70);
783 2386 870 2434 nunc
899 2381 1011 2436 eontra
1035 2368 1142 2436 statim
1171 2370 1427 2446 deliberaverunt

464 2492 617 2558 Ordines.
641 2490 842 2559 L’e'ntentt'ou
857 2491 909 2558 des
928 2493 1036 2559 Sieurs
1054 2491 1199 2582 Deputlz
1211 2517 1249 2561 eu
1262 2494 1428 2564 assemblde

461 2631 522 2683 est.
562 2613 661 2682 Nunc
684 2631 752 2680 non
779 2615 932 2695 quiedam
951 2613 1015 2681 iliis
1038 2616 1195 2700 proponit
1205 2607 1225 2699 ,'
1240 2617 1290 2682 uti
1307 2629 1425 2696 antea,

463 2739 673 2808 Gubernator
685 2735 702 2818 (
713 2754 799 2802 nunc
817 2735 1014 2822 Concidere)
1025 2784 1039 2821 ,
1050 2739 1089 2805 de
1107 2738 1227 2820 quibus
1238 2735 1430 2822 ,propositis

466 2868 564 2936 domi·
579 2865 816 2946 deliberabant3
849 2863 971 2929 nuliam
1000 2866 1114 2931 horum
1137 2865 1334 2934 mentionem
1360 2863 1429 2948 fae,-

471 3010 538 3062 tem
572 2988 772 3069 invenimus;
805 2987 887 3055 nihil
916 2985 950 3055 in
986 2987 1052 3055 iliis
1082 2989 1297 3058 conventibus
1325 2989 1430 3074 egisse

467 3121 607 3190 Ordines
633 3116 810 3185 Generaies
836 3110 1007 3193 videntur,
1040 3110 1104 3180 nisi
1140 3113 1180 3180 dc
1212 3110 1427 3193 foederibus,

469 3263 549 3327 quae
581 3241 699 3310 inirent
726 3259 799 3306 curn
819 3237 967 3319 Principe
992 3235 1211 3304 Annusnco
1233 3252 1265 3303 et
1292 3238 1426 3320 provin·

467 3368 529 3434 ciis
549 3361 740 3431 Hoilendiee
762 3375 794 3424 et
814 3357 1008 3439 Zeundiae,
1030 3373 1068 3424 ut
1081 3378 1154 3425 cum
1172 3361 1237 3427 illis
1257 3364 1353 3429 saluti
1366 3381 1429 3446 pu-

470 3489 575 3556 blicae
608 3489 830 3553 consulerent.
874 3480 925 3548 illi
950 3496 1129 3550 conventus
1149 3482 1241 3568 origo
1262 3481 1363 3549 fuisse
1382 3483 1432 3550 vi·

467 3615 586 3682 dentur
611 3609 773 3694 foederis,
798 3609 886 3691 quod
911 3607 995 3676 inter
1020 3605 1161 3674 Ordines
1187 3607 1453 3694 provinciarum*

1239 3731 1243 3740 '
1354 3737 1432 3804 Bre-

496 3923 571 3990 (88)
587 3924 649 3978 vin.
669 3921 821 3969 Gee'tbreuen
837 3917 920 3970 Retei.
935 3913 981 3963 der
997 3911 1085 3964 Stasea
1103 3915 1227 3968 Germe!
1252 3927 1265 3965 r
1283 3911 1431 3978 (Wolff-

496 4013 577 4074 (¹⁶9)
603 4011 669 4058 Idm
694 4024 708 4057 e
729 4011 786 4060 Oet.
811 4006 885 4068 1576.
923 4007 980 4056 Huc
1009 4005 1118 4067 priorem
1145 4008 1272 4065 detentor
1307 4005 1430 4068 quaedem

473 4102 575 4154 misisse
590 4099 699 4152 Ordines
713 4099 912 4157 umueeeneee,
934 4091 1054 4145 vidimus.
1086 4091 1155 4156 (Lu
1173 4095 1275 4144 Errare.
1292 4092 1321 4142 de
1334 4094 1431 4145 Neues·

468 4203 517 4240 nur
532 4192 689 4254 representet.
708 4184 935 4251 teer,„roeeorrr‚)
960 4186 999 4236 nb
1013 4198 1046 4237 eo
1061 4182 1120 4238 inde
1141 4197 1257 4252 tempore
1272 4187 1317 4242 dtu
1331 4189 1432 4244 deust·

475 4284 577 4336 Geiiice
602 4280 748 4344 conscript·
763 4276 875 4331 inerunt·

500 4371 585 4439 (re)
605 4371 683 4428 conf.
698 4384 771 4438 ente
788 4383 865 4436 supro
886 4367 1051 4422 netrevinue·
1072 4384 1099 4434 p.
1115 4381 1157 4432 ιο.

1029 4455 1060 4528 K
