4700 6324
931 999 1152 1068 auctoritatem
1174 997 1332 1068 Ordiuunr
1361 999 1553 1070 Hollandiae
1569 1001 1738 1074 defendere
1767 1024 1902 1079 conatus

936 1141 1009 1208 est,
1027 1146 1099 1192 cum
1121 1141 1238 1212 putet,
1254 1123 1394 1192 Ordines
1410 1121 1627 1210 Hollandiae,
1652 1129 1797 1212 quamvis
1817 1152 1906 1200 sum·

936 1272 1007 1320 mos
1026 1254 1059 1322 in
1077 1275 1134 1322 sua
1150 1252 1320 1341 provincia
1331 1251 1547 1334 imperantes,
1566 1252 1704 1320 cessisse
1725 1255 1904 1328 Ordinibus

938 1373 1179 1458 Generalibus,
1211 1392 1279 1440 earn
1310 1377 1414 1440 solam
1444 1373 1487 1441 ob
1521 1394 1672 1460 causam,
1700 1400 1742 1448 ne
1772 1382 1846 1452 lites
1872 1385 1905 1454 in

933 1498 1065 1574 ,civitate
1095 1499 1279 1582 orirentur3
1302 1514 1416 1567 auctor
1438 1517 1601 1584 praeterea
1624 1503 1733 1586 addit,
1755 1525 1814 1576 sua
1832 1506 1907 1593 opi.
1960 1587 1964 1598 Ι

936 1623 1064 1704 nione,
1090 1621 1282 1690 Hollandiae
1317 1622 1455 1692 Ordines
1481 1626 1603 1708 praeire
1628 1628 1791 1701 debuisse.
1836 1634 1906 1700 Pri·
1946 1706 1952 1714 ,

937 1765 992 1812 ruo
1018 1749 1093 1811 loto
1127 1759 1240 1814 nostra
1270 1743 1400 1826 quidem
1426 1747 1586 1814 sententia
1621 1749 1814 1816 Hollandiae
1832 1754 1906 1820 Or·

937 1870 1028 1938 dines
1055 1890 1142 1936 suam
1173 1871 1238 1938 sibi
1273 1885 1463 1954 potestatem
1500 1871 1655 1940 tenaciter
1681 1873 1905 1960 vindicantes,

937 2017 1113 2082 numquam
1152 1998 1185 2065 id
1223 1996 1493 2078 concessissent,
1536 1997 1565 2064 si
1603 2002 1671 2067 uilo
1708 2003 1773 2069 alio
1810 2007 1906 2072 modo

935 2123 1130 2212 ,sententiam
1159 2140 1248 2188 suam
1272 2121 1432 2192 sustinere
1457 2126 1654 2208 potuissent.
1692 2131 1757 2198 Sed
1781 2131 1835 2214 si,
1859 2133 1906 2198 uti

937 2247 1050 2312 statuit
1081 2259 1195 2308 auctor
1222 2262 1426 2324 anonymus,
1459 2265 1498 2310 ex
1533 2267 1642 2324 amore
1675 2251 1797 2334 patriae
1824 2255 1906 2320 duc.

938 2369 965 2436 ti
997 2367 1061 2454 juri
1092 2385 1153 2434 suo
1190 2362 1438 2443 renuntiarunt,
1475 2383 1516 2432 ne
1545 2375 1697 2442 certando
1731 2379 1908 2452 discordias

936 2511 1106 2578 sererent,
1138 2510 1234 2574 quare
1267 2488 1380 2554 dicunt
1420 2488 1559 2558 Ordines
1600 2497 1817 2572 Hollundiae:
1846 2510 1907 2578 dat

937 2647 970 2710 sy
1003 2623 1098 2690 slecht
1125 2614 1352 2707 geitdbrmeert
1379 2633 1486 2681 staron
1515 2637 1645 2708 geueest
1673 2645 1739 2692 van
1777 2631 1804 2696 't
1828 2654 1908 2720 gem

936 2757 974 2820 a'n
1003 2745 1210 2817 Vlaanderen
1232 2742 1380 2832 geschicd
1404 2762 1490 2826 πῃ·
1522 2746 1634 2827 quidni
1658 2753 1905 2836 dicunt,a1no·

937 2897 974 2946 te
1004 2877 1126 2962 patriae
1158 2873 1275 2938 ductos
1306 2887 1342 2936 se
1376 2869 1435 2934 hac
1460 2871 1630 2948 occasione
1660 2879 1726 2963 juri
1758 2899 1820 2948 suo
1853 2901 1906 2948 re.

937 3003 1172 3084 nuntiaturos3
1211 2995 1316 3066 addita
1345 2992 1508 3072 formula,
1538 2991 1710 3062 behoudens
1735 3001 1774 3066 de
1800 3003 1906 3090 Hoogs

938 3128 1009 3209 heys
1026 3125 1103 3192 ende
1114 3121 1365 3202 Sonuereimtyt
1384 3117 1445 3183 der
1471 3117 1587 3186 lamen
1601 3137 1666 3186 tan
1682 3121 1836 3208 Hellana
1859 3127 1908 3194 uti

941 3250 1272 3352 saepiusacciderat?
1902 3271 1909 3291 ²

944 3435 950 3445 .
980 3375 1145 3446 Praeterea
1176 3395 1244 3444 nou
1275 3373 1484 3460 intelligimus
1503 3375 1643 3445 usiones
1670 3377 1812 3465 ejusdem
1829 3397 1905 3448 auc·

939 3502 1052 3580 toris,
1092 3521 1166 3566 cunr
1205 3517 1325 3570 statuat
1369 3501 1509 3570 Ordines
1554 3500 1745 3572 Hoilandiae
1782 3501 1905 3588 praeire

939 3619 1113 3704 debuisse,
1143 3623 1218 3702 qnia
1242 3627 1277 3692 in
1300 3647 1359 3694 sua
1388 3623 1555 3708 provincia
1582 3621 1646 3687 soli
1661 3642 1796 3690 summa
1831 3643 1908 3692 auc·

940 3747 1070 3816 toritate
1097 3759 1186 3812 erant
1207 3749 1356 3828 praediti.
1401 3749 1482 3814 Non
1512 3745 1659 3812 videmus
1677 3739 1905 3817 ‘auctoritatem

943 3872 1105 3945 Ordinurn
1130 3869 1321 3940 Bollandiae
1345 3875 1400 3940 vel
1429 3871 1590 3940 tantillum
1616 3869 1815 3936 imminutam
1839 3890 1909 3938 esse

939 4005 1029 4090 opud
1053 4020 1121 4070 non
1144 3989 1364 4084 praeiverunt¹
1380 3996 1515 4062 caeteris
1546 3993 1696 4062 omnibus
1728 3996 1901 4082 collegiis3

945 4148 1017 4198 narn
1051 4127 1121 4194 sine
1160 4123 1260 4192 dubio
1298 4120 1332 4186 in
1372 4137 1431 4186 sua
1466 4083 1635 4206 provincia
1673 4133 1761 4186 erant
1791 4123 1908 4187 summi

947 4217 1164 4334 imperantes,
1188 4233 1317 4331 solique
1344 4257 1482 4314 statuere
1505 4241 1662 4320 debebant
1684 4241 1717 4310 in
1736 4245 1906 4330 omnibus,

1823 4387 1904 4452 quae
