4656 6318
891 823 1014 880 ῃ·
1362 821 1434 917 189

892 879 1013 896 u

474 1022 554 1073 num
582 1003 787 1070 Generalium
807 1001 1030 1085 significatur,
1052 1004 1163 1086 potius
1178 1009 1359 1074 rotandum
1378 1028 1430 1074 es·

474 1151 533 1212 se,
564 1128 602 1196 dc
631 1127 853 1214 Vergadering
883 1125 942 1190 der
976 1125 1274 1195 Gecommittccrden
1301 1154 1365 1202 van
1394 1134 1435 1200 da

468 1255 654 1340 prouincien
678 1269 742 1317 ran
766 1248 806 1315 de
828 1248 930 1314 nodet
954 1249 1049 1317 Um‘e.

489 1373 608 1468 ¹Olim
637 1373 691 1440 ille
728 1388 906 1441 conventus
935 1391 1006 1438 non
1032 1373 1142 1438 eodem
1178 1379 1255 1442 loco
1297 1379 1446 1450 habebas
1536 1455 1537 1458 Ἴ

474 1515 554 1579 tur,
585 1518 697 1566 verum
727 1496 823 1562 modo
858 1495 892 1561 in
919 1516 1004 1580 una,
1034 1499 1131 1564 modo
1166 1499 1200 1566 in
1230 1501 1328 1565 altera
1357 1520 1440 1582 pro·

478 1624 607 1707 vincia,
640 1625 741 1690 donec
771 1623 823 1688 die
855 1639 895 1706 15
912 1621 1056 1707 Janutrii
1081 1640 1165 1688 anno
1196 1628 1280 1708 1585
1310 1624 1437 1708 Hagam

479 1748 645 1814 Comitum
673 1747 707 1812 in
732 1760 921 1830 perpetuum
937 1746 1145 1814 .connvenire
1176 1750 1338 1831 decrevit,
1373 1771 1446 1833 qua.

476 1873 511 1941 in
538 1873 617 1940 urbe
642 1873 680 1938 ab
705 1892 744 1938 eo
757 1869 843 1944 ,inde
863 1887 1010 1956 tempore
1028 1893 1156 1958 semper
1180 1873 1250 1940 fere
1270 1875 1445 1942 convenit..

517 1995 682 2062 Numerus
708 1997 924 2080 delegatorum
956 1998 1214 2087 uniuscujusque
1250 1998 1442 2082 provinciae

480 2119 666 2188 indefinitus
714 2137 809 2205 erat,
852 2141 925 2188 cum
967 2127 1161 2210 plerumque
1209 2148 1272 2196 una
1304 2126 1445 2210 provin·

480 2244 529 2312 cia
555 2266 582 2312 a.
605 2247 758 2330 duobus,
782 2266 921 2332 quatuor
948 2251 1001 2315 vel
1026 2251 1176 2332 pluribus
1203 2264 1441 2334 representare·

478 2382 546 2437 tut·
1311 2459 1314 2464 ,

523 2495 614 2561 Non.
638 2497 813 2576 intererat,
848 2509 985 2579 quantus
1017 2510 1114 2560 esset.
1131 2513 1288 2562 numerus
1313 2498 1440 2580 delega-

480 2635 589 2686 torum
614 2621 655 2686 ad
691 2619 862 2687 consilium
890 2620 1076 2703 capiendum
1093 2597 1197 2688 :non
1227 2622 1322 2689 enim.
1336 2625 1441 2707 pluri.-

483 2744 544 2812 mis
584 2743 743 2828 suffragiis
790 2743 990 2828 singulorum
1031 2748 1246 2830 delegatorum
1266 2793 1291 2830 ,,
1326 2768 1448 2816 uerum·

484 2886 613 2956 septem
635 2868 882 2956 provintiarum.
900 2869 1153 2936 decernebatur..
1195 2874 1306 2956 ltaque
1333 2874 1362 2940 si
1387 2877 1446 2942 vel

486 2996 725 3064 admitteremus
743 2993 930 3060 sententiam
952 2995 1151 3076 quorundam
1175 3009 1342 3060 auctorum
1366 3014 1442 3062 cen·

487 3122 654 3204 sentium,
673 3120 707 3186 in
735 3119 901 3186 nonnullis
920 3113 1134 3184 conuentibus
1161 3118 1367 3204 octingentos
1387 3121 1443 3188 ad·

481 3246 502 3330 f
505 3247 595 3312 uisse
614 3246 800 3332 delegatos,
821 3244 988 3322 (quorum
1005 3254 1110 3306 tamen
1129 3257 1267 3306 errorem
1281 3245 1444 3329 redarguit

491 3366 823 3448 Suruonurnntus)
845 3367 971 3448 (14),
990 3377 1114 3445 septem
1133 3378 1256 3432 tantum
1281 3367 1447 3452 suffragiis

492 3510 626 3579 septem.
641 3488 879 3557 Provinciamm
904 3488 1125 3572 statuebatur,
1149 3489 1226 3573 quia
1252 3507 1363 3558 omnes
1386 3493 1444 3557 de·

492 3619 588 3704 legati
608 3619 735 3704 singula
757 3637 818 3704 pro
837 3617 972 3706 singulis
995 3617 1063 3684 suis
1089 3613 1270 3702 grovineiis
1289 3615 1450 3702 suffragia

486 3745 659 3816 fetebant..
1029 3831 1032 3838 .

535 3867 612 3934 Una
637 3868 874 3950 praecipuarum
902 3884 1101 3947 causarum,¹
1122 3866 1165 3932 ob
1192 3883 1272 3949 quas
1299 3885 1447 3934 conveu-

493 4005 547 4060 tua
571 3991 730 4060 Ordinum
752 3991 959 4060 Generalium
982 3989 1056 4056 inde
1082 3989 1123 4055 ab
1151 4007 1235 4057 anno
1260 4005 1344 4074 1593
1372 4007 1446 4072 pet·

1386 4133 1453 4202 1³0¹·

529 4296 603 4368 (ις)
619 4298 678 4354 vid.
700 4297 799 4355 Semi.
815 4293 972 4362 Geseirlfirae
993 4293 1017 4345 11
1033 4293 1073 4364 n..
1088 4309 1115 4358 p.
1130 4289 1194 4361 ida,
1209 4289 1242 4345 ιθ

1009 4383 1066 4452 Aa
1095 4404 1114 4468 ³
