4656 6318
895 813 1020 884 Ξ
1380 836 1452 911 149

486 1000 563 1066 set?
607 994 770 1062 Nonnulli
797 996 972 1080 prtrabant,
996 999 1180 1080 Comitem,
1210 1022 1282 1070 cum
1309 1006 1442 1089 privile-

471 1123 536 1207 -gia
554 1123 651 1206 hujus
667 1119 849 1201 provinciae
872 1122 953 1186 tueri
980 1124 1131 1204 deberet,
1155 1126 1358 1193 instructioni
1377 1131 1445 1195 Co·

475 1247 554 1314 ‘miti
593 1267 665 1314 vsu
704 1247 963 1313 Ntnuwennnn
993 1248 1095 1314 datam
1129 1251 1352 1334 obtemperare
1387 1253 1444 1318 de·

484 1371 608 1438 luisse.

530 1497 605 1562 Nos
626 1495 752 1576 quidem
771 1494 952 1575 oppositam
982 1498 1203 1581 amplectimur
1230 1499 1444 1578 sententiam,

485 1635 517 1687 et
538 1636 710 1703 putamus,
727 1637 898 1685 memorata
924 1621 1042 1699 verba,
1066 1619 1148 1719 (alat
1165 1623 1204 1702 hy
1222 1641 1319 1706 gerne
1330 1635 1446 1707 paten-

483 1748 565 1828 tem)
584 1760 648 1811 etc.
673 1745 738 1810 rint
765 1743 916 1810 habuisse
941 1765 1044 1827 usque
1069 1749 1110 1812 acl
1129 1745 1319 1812 electionem
1343 1745 1440 1812 Lar·

486 1886 647 1934 cnsrnu.

459 2079 460 2084 ἵ
527 1995 667 2059 Constat
682 1977 829 2077 quidem,
847 1997 1123 2063 Lurcrsrntum
1137 1989 1379 2058 confirmavisse
1394 1990 1444 2058 im·

473 2095 675 2182 strictionem
712 2117 977 2186 Nreuwnnnnn
1018 2133 1177 2198 nusquam
1210 2128 1314 2182 nnren
1344 2137 1443 2200 appa-

482 2255 532 2304 ret
551 2241 639 2305 illurn
657 2243 844 2324 promisisse
860 2259 898 2307 ut
915 2245 995 2308 hanc
1011 2245 1192 2306 clausulam·
1208 2244 1406 2309 observaret.

471 2409 477 2418 -
524 2365 611 2431 Haec
632 2368 715 2432 enim
741 2369 839 2433 verba
864 2389 931 2436 non
956 2363 1101 2431 habendo
1125 2379 1200 2429 sunt
1221 2385 1280 2448 pro
1308 2369 1442 2451 privile»

482 2486 536 2570 gio
555 2488 746 2567 provinciae·
764 2490 1027 2563 Transisalanae,
1046 2487 1253 2568 jurejurando
1271 2487 1441 2554 confirma·

474 2623 546 2688 ·t0,
568 2628 679 2674 verutn
709 2630 772 2694 pro
796 2614 943 2678 clausula
964 2606 1185 2686 derogatoria,
1211 2627 1298 2687 quae
1309 2625 1449 2694 propter

475 2748 664 2818 ¹temporum
684 2733 958 2816 opportunitatem
975 2729 1181 2798 instructioni
1195 2717 1437 2821 inserrafuerat3

482 2881 590 2942 neque
617 2861 779 2928 inuenitur
810 2857 843 2923 in
866 2855 1133 2925 instructionibus
1159 2856 1442 2937 praedecessorum

487 2983 769 3063 Gubernatorum3
798 2999 972 3061 numquam
1006 2979 1098 3044 etiarn
1121 2965 1302 3060 approbare
1328 2995 1444 3064 potue·

481 3121 530 3173 rat
547 3105 631 3172 illam
648 3107 847 3182 clausulam,
871 3100 945 3182 quia
963 3103 1055 3168 valde
1074 3102 1233 3170 contraria
1251 3118 1317 3169 erat
1333 3107 1442 3172 verbis

481 3232 706 3301 instructionis
738 3245 834 3292 sune:
857 3244 993 3308 gegercn
1017 3224 1130 3287 hebben
1153 3189 1361 3309 het'laogste
1386 3249 1442 3312 ge-

480 3355 556 3421 bled
569 3377 605 3418 err
622 3355 760 3422 absolute
775 3349 965 3428 auctoritcyt
980 3350 1015 3410 in
1032 3345 1072 3410 de
1085 3347 1203 3410 saakcn
1217 3367 1282 3414 ran
1300 3352 1443 3435 oorlogep

488 3478 608 3560 quibus
634 3477 682 3544 illi
711 3473 913 3542 deferebatur
936 3487 1059 3536 summa
1077 3468 1110 3536 in
1127 3491 1161 3538 te
1182 3473 1311 3540 militari
1331 3492 1446 3542 aucto·

478 3603 571 3670 altas.
616 3600 653 3666 Si
678 3601 799 3668 Comes
816 3596 1103 3678 Lar-crsrnrus,
1126 3617 1176 3664 err.
1194 3619 1244 3684 gr.
1266 3621 1284 3666 e
1303 3603 1442 3684 plenitu-

474 3724 556 3792 orne
574 3743 651 3790 suae
668 3721 837 3805 potestatis
856 3722 1017 3787 Comitem
1045 3721 1354 3792 Nuruwnnnntunt
1368 3733 1440 3813 jus·

480 3864 584 3929 serat,
612 3863 650 3914 ut
678 3849 790 3928 copias
819 3849 852 3913 in
876 3847 1132 3912 Transisalanam
1157 3847 1286 3915 duceret
1309 3851 1446 3933 provin·

480 3977 582 4056 eiam,
615 3978 681 4040 hoc
712 3973 865 4038 mandato
887 3973 1185 4036 Nisum-mimus
1209 3985 1244 4035 ut
1271 3971 1449 4043 Guberna-

480 4116 533 4166 τοι
558 4094 790 4182 provincialis,
815 4095 871 4176 qui
895 4091 1108 4158 obedientiam
1141 4095 1357 4164 Gubernatori
1373 4099 1442 4168 Ge»

476 4227 575 4297 mali
598 4222 809 4308 promiserat,
842 4217 1040 4298 tenebatur3
1076 4219 1115 4284 ab
1143 4225 1241 4288 altera
1265 4239 1354 4308 parte
1387 4247 1441 4292 se·

981 4338 1056 4426 Tg
1361 4370 1452 4418 cunr
