4654 6338
1261 864 1371 930 ΕΞ

847 849 948 970 ηδ’

838 1069 1027 1147 acciderat,
1047 1061 1264 1145 querebantur
1281 1075 1317 1123 se
1336 1064 1539 1134 naquaquam
1551 1045 1699 1128 ¹Reginae
1723 1045 1822 1110 oure·

739 1249 743 1258 .
853 1191 910 1274 qui
939 1209 1058 1274 posse;
1092 1185 1264 1252 offerentes
1304 1195 1410 1246 tatnen
1447 1172 1555 1242 stutirn
1599 1167 1653 1234 illa
1682 1164 1822 1232 subsidia

855 1316 1006 1391 solvere,
1040 1328 1120 1390 quae
1153 1305 1298 1388 quamvis
1332 1304 1396 1387 jam
1432 1313 1608 1374 concessa,
1644 1306 1722 1375 post
1746 1306 1824 1355 cor·

855 1454 925 1504 turn
953 1440 1079 1518 lapsum
1113 1429 1265 1498 solvenda
1291 1437 1404 1504 erant,
1451 1423 1545 1507 cujus
1574 1419 1741 1488 =Ordinunr
1768 1415 1825 1481 de·

855 1559 935 1626 c'reti
960 1557 1169 1624 Gubernator
1205 1555 1268 1638 jam
1296 1550 1418 1618 certior
1450 1547 1583 1628 factus,
1612 1543 1725 1610 atatim
1759 1541 1825 1606 Re·

862 1687 956 1772 ginae
986 1684 1176 1762 nunciavit,
1210 1646 1293 1762 quae
1320 1698 1418 1759 quum
1442 1680 1505 1763 ianr
1528 1669 1707 1742 audivisset
1732 1662 1829 1731 Ordi-

779 1791 790 1804 ’
859 1831 920 1882 nes
951 1810 986 1876 in
1010 1809 1153 1875 diversas
1183 1803 1352 1886 opiniones
1384 1801 1524 1883 abiisse,
1564 1813 1664 1894 quum
1697 1789 1833 1854 Bruxel-

866 1945 913 2008 las
948 1934 1199 2028 convenissent,
1232 1952 1324 2032 aegre
1358 1931 1457 2014 tulit,
1499 1925 1703 1996 Advocatum
1741 1929 1831 1979 vnn

866 2089 944 2140 uua
967 2085 1059 2140 coras
1089 2061 1228 2130 Ordines
1251 2063 1316 2145 janu
1343 2051 1600 2132 convocavisse‚
1625 2062 1725 2128 quum
1744 2061 1836 2126 sepa.

864 2189 960 2260 ratim
988 2203 1099 2252 corum
1122 2181 1261 2247 membra
1285 2178 1408 2258 alioqui
1429 2173 1609 2250 voluisset,
1642 2183 1675 2234 et
1692 2185 1838 2250 praescr·

875 2319 933 2384 tim
951 2312 1105 2396 quiahoc
1129 2305 1184 2373 iiie
1208 2301 1330 2370 iecerat
1355 2316 1469 2368 contra
1486 2297 1639 2364 disertum
1656 2295 1836 2361 mandatum

869 2439 1031 2520 Praesidis
1059 2434 1229 2502 senon:
1263 2430 1303 2496 ad
1321 2447 1410 2510 -quae
1428 2417 1596 2506 respondit
1622 2418 1833 2498 Advocato,

876 2588 943 2638 non
968 2585 1025 2644 se,
1048 2560 1105 2628 scd
1131 2556 1285 2637 nobiles,
1308 2552 1458 2621 dominos
1485 2539 1586 2628 suos,
1610 2547 1674 2612 hoc
1698 2544 1839 2628 fecisse,

866 2695 962 2778 .qui,
987 2705 1159 2776 postquam
1179 2677 1391 2748 mandatarios
1417 2675 1545 2741 urbium
1563 2663 1841 2757 convocaverant,

880 2820 971 2886 ilium
988 2828 1102 2898 postea
1118 2809 1194 2876 huic
1215 2799 1390 2874 conventui
1409 2803 1518 2868 adesse
1534 2800 1709 2885 iusserant.
1755 2797 1844 2863 Tum
1908 2807 1918 2823 ·

877 2943 1006 3026 Regina
1019 2939 1222 3004 Advocatum
1241 2927 1346 3004 vetuit
1372 2926 1584 3007 inposterum
1602 2925 1670 2990 sirre
1689 2944 1751 2990 suo
1769 2943 1847 2991 con-

877 3084 1002 3142 censu,
1017 3072 1072 3125 aut
1083 3055 1321 3127 Gubernatoris
1331 3048 1496 3132 ‚Ordines
1506 3067 1685 3116 convocare
1696 3095 1708 3129 ‚
1718 3062 1749 3114 et
1758 3067 1850 3130 prae-

878 3207 970 3260 ,terea
996 3189 1087 3254 illurn
1118 3184 1269 3267 rogavit,
1292 3197 1387 3265 quam
1408 3176 1451 3244 ob
1468 3196 1594 3244 causam
1615 3180 1778 3246 minorum
1795 3197 1849 3245 ur·

888 3317 978 3385 bium
999 3310 1136 3395 delegati
1155 3308 1249 3374 etiam
1275 3305 1501 3374 advenissent:
1522 3308 1566 3374 ad
1586 3327 1666 3391 quae
1685 3303 1852 3391 rospondit

886 3445 1104 3518 advocatus,
1136 3433 1195 3500 dat
1221 3408 1254 3519 ry
1279 3437 1315 3500 in
1341 3433 1405 3501 alle
1434 3431 1529 3501 baden
1553 3435 1651 3500 altoos
1673 3431 1853 3498 testamen

887 3577 1035 3652 gautero,
1054 3579 1093 3622 en
1108 3556 1245 3642 mogelyk
1262 3535 1306 3620 nu
1328 3559 1382 3622 ook
1395 3559 1559 3642 gckoome'n
1576 3574 1682 3624 namt
1701 3577 1749 3620 om
1764 3552 1854 3641 gelyk

892 3687 1051 3774 degravet
1071 3678 1176 3749 staden
1204 3677 1479 3763 hvytscluldr'ngen
1500 3694 1536 3743 ae
1554 3682 1724 3747 verzoekcn
1738 3677 1760 3766 (
1767 3704 1807 3765 34
1818 3683 1853 3766 J.

1702 3853 1703 3858 κ
1766 3803 1859 3889 Quae

929 4048 1001 4116 (3⁴)
1016 4042 1112 4099 Merito
1131 4035 1301 4092 anerrrtria
1316 4037 1464 4090 obser-verre
1485 4034 1589 4087 videtur
1603 4045 1691 4085 contra
1705 4043 1788 4086 morer
1803 4047 1858 4087 erre

897 4141 970 4206 quod
990 4149 1089 4202 praeter
1114 4147 1160 4184 rex
1180 4127 1288 4192 maiorer
1313 4129 1388 4180 urbes
1410 4130 1584 4187 Dordracunr,
1616 4128 1780 4190 iiarienruar,
1799 4129 1862 4178 Dei.

900 4233 986 4294 piros,¹
998 4230 1159 4287 Lugdunum,
1188 4225 1402 4273 nurtetodamnm
1419 4233 1445 4272 er
1465 4219 1581 4270 Goudaot
1600 4219 1675 4268 etiarn
1697 4216 1803 4280 detenti
1814 4217 1860 4267 mi-

894 4330 989 4378 norum
1004 4317 1122 4378 rubium,
1137 4315 1173 4367 uti
1186 4313 1382 4374 Ronetodarai,
1399 4308 1559 4374 ochiedrmi,
1579 4309 1724 4369 taciturne,
1752 4311 1861 4360 omnei-

1821 4394 1860 4447 iar
