4700 6324
860 896 909 984 96
1273 887 1401 949 2=

872 1074 953 1157 „de
981 1071 1063 1140 Um'e
1082 1075 1110 1138 r’s
1135 1089 1213 1156 geon
1242 1068 1346 1150 uara,
1369 1090 1467 1137 maur
1491 1092 1544 1138 een
1574 1073 1678 1140 Ioum
1708 1075 1830 1159 curos.

873 1242 896 1283 „
906 1200 950 1284 ja
966 1200 1016 1266 het
1033 1194 1172 1281 bederff,
1194 1215 1260 1263 ran
1275 1217 1329 1262 een
1344 1194 1521 1282 geunr'ecrd
1537 1197 1721 1283 ligcbaam”
1745 1205 1760 1280 (
1802 1201 1834 1282 ).

897 1325 1011 1390 „Anno
1048 1327 1132 1394 enim
1165 1329 1275 1405 1578,
1316 1321 1364 1388 uti
1397 1321 1600 1408 praecedenti
1629 1325 1735 1408 eapite
1764 1343 1838 1390 mo·

869 1445 1024 1526 nuimus,
1045 1452 1109 1531 jam
1134 1447 1284 1514 nonnulll
1300 1449 1511 1530 studuerant,
1542 1449 1709 1515 arctiorem
1728 1449 1837 1517 Umo-

869 1591 942 1642 nem
983 1571 1149 1640 instituere
1191 1576 1274 1644 iuter
1312 1573 1465 1658 quasdam
1507 1576 1691 1658 provincias
1708 1623 1726 1658 ,.
1755 1596 1839 1660 quae

872 1721 950 1786 pace
975 1697 1180 1769 Gandavensi
1204 1701 1268 1782 jum
1294 1701 1424 1782 iunctae
1452 1713 1564 1780 erant3
1597 1717 1664 1765 non
1689 1717 1728 1765 eo
1759 1717 1838 1781 pro·

872 1825 1008 1910 posito,
1039 1841 1076 1892 ut
1112 1837 1254 1893 cameras
1293 1826 1421 1909 junctas
1459 1823 1645 1906 provincias
1677 1822 1840 1907 relinque·

869 1963 970 2029 rent,
1001 1965 1113 2014 verum
1148 1969 1185 2015 ur
1214 1950 1327 2036 maluti
1354 1951 1388 2016 vi
1414 1951 1526 2018 hostes
1552 1951 1794 2036 propulsarent.

914 2079 960 2146 Et
985 2081 1063 2147 haec
1086 2100 1137 2146 res
1154 2078 1197 2144 ita
1222 2077 1421 2159 urgebatur,
1439 2092 1475 2142 ut
1492 2079 1556 2162 jam
1581 2074 1634 2142 die
1658 2095 1701 2159 29
1720 2077 1834 2155 lanua·

872 2201 916 2270 til
934 2222 1019 2268 auno
1045 2221 1128 2286 1579
1140 2205 1256 2266 foedus
1269 2201 1351 2261 Um'o
1371 2199 1590 2278 Ultray'ectr'na
1605 2201 1752 2279 dictum,
1772 2199 1840 2266 suc·

872 2341 942 2395 rum
973 2325 1056 2392 iuter
1077 2322 1263 2410 provincias
1282 2320 1435 2400 Gelriae,
1459 2318 1673 2403 Honorum,
1699 2321 1837 2388 Zeelan·

872 2449 941 2516 dire
960 2449 1155 2536 Ultrajecti,
1184 2466 1361 2532 agrumque
1378 2446 1625 2529 Gronlnganum
1654 2441 1837 2524 (Vr-lescle
1954 2509 1962 2524 ,

876 2575 1135 2658 Ommelanden)
1154 2572 1340 2640 solemniter
1363 2573 1624 2656 promulgaretur
1646 2562 1738 2648 (3).

916 2699 978 2767 Illa
1002 2695 1094 2764 Unio
1120 2695 1333 2782 ultrajectino
1357 2714 1421 2766 tam
1450 2695 1551 2764 varils
1577 2691 1682 2761 modis
1709 2710 1727 2755 a
1756 2709 1841 2760 non·

875 2825 978 2900 nullis
1004 2821 1154 2906 explicita
1178 2820 1243 2889 fuit
1267 2837 1364 2890 ‘cum
1390 2844 1425 2889 v.
1449 2842 1482 2889 c.
1511 2819 1663 2885 Parrus
1689 2819 1841 2892 Prosus

875 2951 960 3020 inter
994 2946 1076 3012 alios
1107 2943 1194 3007 illam
1226 2959 1322 3007 vocet
1354 2941 1394 3006 de
1418 2942 1541 3024 Eem'ge
1575 2940 1746 3012 Grondrves
1776 2966 1841 3015 m

875 3092 930 3140 ons
961 3063 1144 3136 uaderland
1167 3064 1295 3145 etalii,
1319 3063 1505 3145 interquos
1537 3063 1593 3132 Cl.
1620 3066 1743 3136 Kuurr
1765 3069 1846 3154 (4)

876 3206 1019 3264 statuant
1045 3189 1128 3262 nihil
1164 3191 1204 3258 de
1236 3187 1363 3274 imperii
1395 3188 1499 3256 forma
1532 3186 1567 3256 iu
1594 3187 1648 3258 illa
1686 3205 1842 3262 statutum

876 3317 1030 3398 fuisse),
1061 3333 1099 3382 ut
1129 3313 1303 3382 sententias
1338 3317 1379 3384 de
1398 3315 1454 3384 illa
1477 3320 1581 3396 latas,
1606 3333 1687 3396 quae
1715 3295 1852 3397 quidem'

875 3411 1063 3530 probabiles
1093 3437 1191 3506 uobis
1225 3437 1416 3524 videantur,
1459 3439 1512 3510 hic
1537 3437 1691 3526 colligere
1718 3457 1752 3538 er
1772 3459 1845 3527 per·
1937 3483 1940 3490 ·

878 3566 1019 3651 pendere
1042 3562 1122 3629 utile
1145 3565 1313 3630 ducamus.

920 3693 961 3757 lu
987 3687 1116 3754 foedere
1146 3685 1363 3774 Ultrajectioo
1393 3688 1492 3772 igitur
1520 3687 1580 3754 tria
1610 3690 1842 3760 consideranda

881 3825 981 3881 suut:
1007 3815 1077 3899 ipsa
1098 3808 1217 3892 rerba,
1240 3824 1352 3899 partes
1368 3811 1610 3898 contrahentes,
1631 3829 1664 3881 et
1688 3825 1794 3906 quam
1807 3817 1846 3886 ab

878 3953 1010 4005 eausam
1031 3933 1147 4004 initum
1174 3934 1231 4004 sit.

1749 4043 1844 4112 Prae

914 4221 975 4286 (a)
1002 4223 1062 4276 vlu.
1090 4228 1117 4278 s.
1140 4237 1208 4276 van
1233 4225 1512 4285 armorumue,
1545 4226 1647 4284 smel.
1675 4221 1845 4288 ceremon.

882 4313 997 4376 concept.
1017 4327 1090 4362 aruer
1113 4312 1228 4364 mnm
1252 4329 1277 4377 p.
1295 4315 1337 4364 ΙΧ.

919 4405 976 4469 (l)
994 4405 1050 4456 Vld.
1076 4405 1152 4454 crues
1169 4403 1280 4453 Plalm
1297 4402 1372 4457 Book.
1397 4405 1429 4456 D·
1447 4405 1468 4454 l.
1493 4405 1540 4456 rol.
1556 4414 1582 4470 7·

912 4494 974 4562 (4)
993 4493 1098 4550 Elem.
1112 4495 1158 4543 der
1172 4496 1244 4548 Harl.
1259 4501 1400 4556 amureg,
1429 4495 1500 4550 Lu,
1522 4507 1552 4559 p,
1573 4503 1629 4552 m.
