4700 6324
938 894 1048 958 Ε·-
1407 921 1471 991 129

500 1101 590 1172 quae
612 1080 653 1151 cil
675 1095 763 1148 suam
792 1077 993 1162 provinciam
1016 1077 1237 1162 pertinebant3
1268 1082 1326 1150 sed
1352 1083 1466 1156 funera

508 1206 669 1291 Principis
705 1205 910 1272 Anausracr
941 1223 1008 1273 non
1038 1205 1137 1290 magis
1176 1206 1364 1289 spectabant
1390 1229 1468 1293 pro·

510 1333 650 1404 vinciam
683 1329 874 1398 Hollandiae
907 1349 1000 1411 quam
1035 1330 1139 1398 aliam:
1165 1345 1198 1398 et
1219 1331 1368 1400 funerum
1396 1332 1469 1415 qui-

510 1461 586 1527 dem
611 1471 737 1526 sumtus
769 1474 837 1523 non
858 1475 876 1521 a
901 1455 1068 1537 provincia
1095 1455 1284 1524 Hollandiae
1302 1476 1412 1524 verum
1429 1457 1469 1524 ab

513 1583 662 1649 omnibus
688 1576 866 1664 provinciis
893 1578 1114 1648 solvebantur.

553 1705 593 1770 ln
627 1699 777 1768 omatibus
815 1702 935 1782 rebus,
971 1719 1052 1783 quae
1084 1701 1124 1766 ab
1154 1699 1304 1768 ommbus
1330 1699 1472 1773 Unionis

515 1827 727 1914 participibus
761 1823 1065 1904 committebantur,
1100 1822 1284 1906 Collegium
1314 1825 1474 1894 Ordinum

508 1950 721 2019 Generalium
751 1971 862 2018 omnes
895 1951 1077 2037 provincias
1109 1949 1385 2033 repraesentabat:
1415 1972 1476 2018 no·

515 2076 601 2143 mine
625 2075 724 2158 igitur
761 2074 919 2143 Ordinum
955 2073 1182 2154 Generalium,
1209 2091 1284 2142 ‘non
1317 2067 1477 2143 Ordinum

515 2199 710 2267 Hollandiae
739 2202 889 2275 sepultus
915 2197 980 2262 fuit
1003 2183 1246 2264 Garamantum

558 2321 683 2391 Merito
721 2319 817 2404 igitur
845 2319 987 2388 'Ordines
1016 2305 1192 2388 Generales
1216 2323 1348 2392 cadaver
1373 2327 1476 2394 secuti

445 2497 450 2504 .
517 2452 712 2533 sunt,jure
725 2469 804 2528 suo,
830 2462 897 2511 nou
916 2445 1139 2513 concessione.

557 2572 727 2658 Improbat
759 2582 920 2652 praeterea
946 2567 1028 2634 idem
1063 2584 1178 2635 auctor
1204 2581 1385 2651 anonymus
1410 2559 1478 2634 fac·

514 2717 584 2768 tam
612 2684 882 2772 declarationem,
911 2704 943 2755 to
969 2711 1024 2774 syn
1045 2689 1084 2757 llo
1104 2691 1263 2776 hoogchstc
1291 2694 1475 2781 anra'ckeya

520 2837 610 2904 etc.;
631 2837 713 2901 quae
733 2816 851 2882 iterum
877 2816 1034 2883 sententia
1055 2829 1165 2884 nostra
1195 2833 1263 2886 non
1285 2833 1349 2892 est.

559 2947 615 3015 Eo
642 2941 726 3009 enim
752 2955 897 3022 tempore
929 2957 1077 3008 mortuus
1110 2953 1177 3005 erat
1202 2939 1280 3008 Dux
1305 2943 1479 3032 strupo.

517 3089 631 3152 Μῦες
663 3076 811 3130 mortuus
838 3077 905 3129 erat
928 3060 1082 3146 Princeps
1107 3060 1369 3148 Anaustacus,
1394 3088 1479 3150 quo·

515 3213 591 3265 rum
616 3209 753 3274 uterque
779 3190 892 3255 harum
918 3185 1100 3270 Regionum
1129 3186 1262 3256 Uniouc
1290 3195 1477 3277 junctarum

520 3339 582 3406 pro
622 3330 714 3402 parte
756 3325 823 3380 erat
853 3309 1076 3378 Gubernator.
1128 3309 1313 3380 Secundum
1346 3311 1478 3388 foedera

516 3459 594 3508 cum
627 3439 845 3522 Aunueouro
885 3433 965 3501 inita
994 3433 1034 3499 ab
1069 3435 1212 3504 omnium
1241 3441 1478 3523 provinciarum

517 3565 699 3634 Ordinibus
722 3564 878 3647 probata,
901 3561 1041 3630 Ordines
1071 3557 1268 3646 Generales,
1291 3584 1368 3652 post
1393 3593 1481 3642 mor.

520 3707 586 3759 tem
608 3691 731 3758 'horarm
764 3681 975 3769 Principum,
997 3685 1179 3755 facultatem
1209 3683 1367 3760 habebant
1392 3715 1481 3764 sum.

522 3835 610 3884 mum
634 3813 796 3880 deferendi
820 3808 989 3892 imperium
1019 3808 1058 3873 ad
1085 3808 1166 3873 alios
1190 3810 1370 3895 Principes.
1414 3821 1480 3904 lgi-

523 3955 602 4020 tur,
625 3939 728 4004 donec
757 3936 853 4001 allum
883 3932 1056 4014 elegissent
1087 3930 1345 4001 Gubernatorem
1374 3937 1485 4008 Gene-

510 4063 647 4138 ,.ralem,
678 4071 836 4122 summum
871 4048 1036 4134 imperium
1065 4071 1164 4134 penes
1189 4056 1265 4124 illos
1291 4074 1378 4128 erat:
1409 4081 1483 4130 nam
1556 4077 1559 4084 ·

523 4182 674 4266 alioquin
714 4179 836 4247 deferre
869 4193 936 4242 non
969 4177 1175 4262 potuissent,
1207 4195 1340 4264 propter
1374 4182 1486 4268 Regu·

519 4302 590 4374 iam
621 4305 699 4374 satis
725 4304 908 4390 cognitama
948 4319 1033 4366 nanta
1055 4304 1132 4391 plus
1156 4285 1244 4378 iaris
1277 4307 1314 4373 a'n
1345 4308 1486 4376 altorum

1027 4425 1060 4490 R
1330 4403 1345 4466 ἶ
1371 4431 1485 4493 nabs-
